Symbol,Date,Total Assets,Total Liabilities,Total Equity,Total Revenue,Gross Profit,Operating Income,Net Income,Net profit margin,EPS
AAPL,2024-09-30,364980000000.0,308030000000.0,56950000000.0,391035000000.0,180683000000.0,123216000000.0,93736000000.0,0.23971255769943867,6.08
AAPL,2023-09-30,,,,383285000000.0,169148000000.0,114301000000.0,96995000000.0,0.2530623426432028,6.13
ACHL,2023-12-31,161456000.0,19087000.0,142369000.0,0.0,,-75255000.0,-69665000.0,,-1.74
ACIW,2024-12-31,3025293000.0,1600966000.0,1424327000.0,1594288000.0,802505000.0,308135000.0,203118000.0,0.12740358078339672,
ACIW,2023-12-31,3444739000.0,2120442000.0,1324297000.0,1452579000.0,733368000.0,220408000.0,121509000.0,0.08365052778540788,1.12
ADEA,2024-12-31,1097961000.0,701390000.0,396571000.0,376024000.0,,142262000.0,64623000.0,0.17185871114609705,0.57
ADEA,2023-12-31,1105556000.0,748934000.0,356622000.0,388788000.0,,145563000.0,67372000.0,0.17328724137576262,0.6
AEE,2024-12-31,44598000000.0,32355000000.0,12243000000.0,7623000000.0,3653000000.0,1516000000.0,1182000000.0,0.15505706414797324,
AEE,2023-12-31,40830000000.0,29352000000.0,11478000000.0,7500000000.0,3467000000.0,1558000000.0,1152000000.0,0.1536,4.38
AEM,2024-12-31,29987018000.0,9154118000.0,20832900000.0,8285753000.0,3685597000.0,3149429000.0,1895581000.0,0.22877594830548292,3.78
AEM,2023-12-31,28684949000.0,9262034000.0,19422915000.0,6626909000.0,2201875000.0,1694633000.0,1941307000.0,0.2929430598790477,3.95
AGI,2024-12-31,5336100000.0,1751900000.0,3584200000.0,1346900000.0,595800000.0,504800000.0,284300000.0,0.21107728858861088,
AGI,2023-12-31,4001200000.0,1077700000.0,2923500000.0,1023300000.0,385600000.0,318100000.0,210000000.0,0.20521841102316035,0.53
AHR,2024-12-31,4488057000.0,2183895000.0,2304162000.0,2070668000.0,416775000.0,136785000.0,-37812000.0,-0.018260773817917696,-0.29
AHR,2023-12-31,4577933000.0,3118755000.0,1459178000.0,1859143000.0,356833000.0,76719000.0,-71469000.0,-0.038441905759804385,-1.08
AJG,2024-12-31,64255200000.0,44075600000.0,20179600000.0,11554900000.0,4878300000.0,2282100000.0,1462700000.0,0.12658698906957222,6.5
AJG,2023-12-31,51615800000.0,40800500000.0,10815300000.0,10071900000.0,4245300000.0,1859100000.0,969500000.0,0.0962579056583167,4.42
ALDX,2024-12-31,104606694.0,33601823.0,71004871.0,0.0,,-60117032.0,-55851444.0,,-0.94
ALDX,2023-12-31,148326911.0,28531881.0,119795030.0,0.0,,-42794083.0,-37542510.0,,-0.64
ALHC,2024-12-31,782063000.0,681108000.0,100955000.0,2703561000.0,296691000.0,-101555000.0,-128035000.0,-0.04735791054834716,-0.67
ALHC,2023-12-31,591880000.0,433809000.0,158071000.0,1823630000.0,201030000.0,-127817000.0,-148017000.0,-0.08116613567445151,-0.79
ALKS,2024-12-31,2055567000.0,590590000.0,1464977000.0,1557632000.0,1312301000.0,420636000.0,367070000.0,0.23565900032870407,2.17
ALKS,2023-12-31,2136223000.0,933537000.0,1202686000.0,1663405000.0,1410368000.0,414122000.0,355757000.0,0.21387274896973377,2.1
ALTM,2024-12-31,10190100000.0,3009300000.0,7180800000.0,1007800000.0,288600000.0,155400000.0,103200000.0,0.10240127009327248,0.09
ALTM,2023-12-31,3230100000.0,946300000.0,2283800000.0,882500000.0,538400000.0,469400000.0,330100000.0,0.3740509915014164,0.66
AMPL,2024-12-31,445911000.0,149355000.0,296556000.0,299272000.0,222348000.0,-107383000.0,-94319000.0,-0.31516145847256005,-0.76
AMPL,2023-12-31,433684000.0,138931000.0,294753000.0,276284000.0,204361000.0,-94378000.0,-90363000.0,-0.32706562812178774,-0.77
AON,2024-12-31,48965000000.0,42535000000.0,6430000000.0,15698000000.0,7415000000.0,4176000000.0,2654000000.0,0.16906612307300292,12.49
AON,2023-12-31,33959000000.0,34701000000.0,-742000000.0,13376000000.0,6474000000.0,3822000000.0,2564000000.0,0.1916866028708134,12.51
APD,2024-09-30,39574600000.0,20900900000.0,18673700000.0,12100600000.0,3931900000.0,2947500000.0,3828200000.0,0.3163644777944895,17.18
APD,2023-09-30,,,,12600000000.0,3767000000.0,2739200000.0,2300200000.0,0.18255555555555555,10.33
APEI,2023-12-31,557386000.0,265410000.0,291976000.0,600545000.0,307683000.0,18673000.0,-47286000.0,-0.0787384792147133,-2.94
API,2023-12-31,674595000.0,69846000.0,604749000.0,141538000.0,89475000.0,-55396000.0,-87219000.0,-0.6162232050756687,-0.88
AREN,2023-12-31,188878000.0,247873000.0,-58995000.0,244203000.0,101963000.0,-35358000.0,-55582000.0,-0.22760572146943323,-2.49
ARQT,2024-12-31,348889000.0,191348000.0,157541000.0,196542000.0,177414000.0,-128397000.0,-140039000.0,-0.7125143735181284,-1.16
ARQT,2023-12-31,341365000.0,252698000.0,88667000.0,59606000.0,54619000.0,-241101000.0,-262140000.0,-4.397879408113277,-3.78
ASM,2023-12-31,128340000.0,22339000.0,106001000.0,43889000.0,7819000.0,-119000.0,542000.0,0.012349335824466267,0.004324
ATAT,2023-12-31,6587025000.0,4526936000.0,2060089000.0,4665967000.0,1911751000.0,924034000.0,737137000.0,0.15798161452920692,5.34
ATEN,2024-12-31,432815000.0,200986000.0,231829000.0,261696000.0,210277000.0,43968000.0,50140000.0,0.1915963560772805,0.67
ATEN,2023-12-31,389809000.0,181933000.0,207876000.0,251700000.0,203738000.0,38648000.0,39970000.0,0.15880015891934843,0.24
ATHM,2023-12-31,30835731000.0,5662493000.0,25173238000.0,7184135000.0,5772254000.0,1137425000.0,2033381000.0,0.2830376934731878,15.32
ATSG,2024-12-31,3893711000.0,2409699000.0,1484012000.0,1961971000.0,344933000.0,136087000.0,27434000.0,0.013982877422754975,0.4
ATSG,2023-12-31,3882090000.0,2513388000.0,1368702000.0,2070611000.0,426929000.0,199832000.0,60327000.0,0.029134878545511445,0.82
AU,2023-12-31,8175000000.0,4435000000.0,3740000000.0,4582000000.0,1027000000.0,575000000.0,-235000000.0,-0.05128764731558272,-0.56
AUPH,2024-12-31,550645000.0,173167000.0,377478000.0,235133000.0,206885000.0,18419000.0,5752000.0,0.024462750868657315,0.04
AUPH,2023-12-31,548062000.0,170108000.0,377954000.0,175513000.0,161365000.0,-91691000.0,-78020000.0,-0.4445254767453123,-0.54
AVAL,2023-12-31,301181596000000.0,269661180000000.0,31520416000000.0,15803734000000.0,,,739003000000.0,0.04676129071775063,622.4
AXS,2024-12-31,32520293000.0,26430914000.0,6089379000.0,6018811000.0,,,1081786000.0,0.17973417008774656,
AXS,2023-12-31,30250672000.0,24987476000.0,5263196000.0,5590519000.0,,,376292000.0,0.06730895646719026,4.02
AXSM,2024-12-31,568498000.0,511483000.0,57015000.0,385693000.0,352390000.0,-252438000.0,-287216000.0,-0.7446751691111843,-5.99
AXSM,2023-12-31,588236000.0,397259000.0,190977000.0,270600000.0,244535000.0,-182907000.0,-239238000.0,-0.8841019955654102,-5.27
AZ,2023-12-31,8519000.0,10828000.0,-2309000.0,11375000.0,1993000.0,-17983000.0,-16061000.0,-1.411956043956044,-1.15
AZPN,2024-06-30,14071707000.0,1258852000.0,12812855000.0,1127482000.0,744906000.0,-89540000.0,-9771000.0,-0.008666213739997623,-0.15
AZPN,2023-06-30,,,,1044178000.0,670589000.0,-183065000.0,-107760000.0,-0.1032007952667074,-1.67
BABA,2024-03-31,1764829000000.0,652230000000.0,1112599000000.0,941168000000.0,354845000000.0,123871000000.0,80009000000.0,0.08501032759294834,31.28
BBVA,2024-12-31,772402000000.0,712388000000.0,60014000000.0,35482000000.0,,,10054000000.0,0.28335494053322813,1.68
BBVA,2023-12-31,775558000000.0,720293000000.0,55265000000.0,29542000000.0,,,8019000000.0,0.271444045765351,1.29
BCOV,2023-12-31,216107000.0,122194000.0,93913000.0,201187000.0,123834000.0,-21334000.0,-22886000.0,-0.11375486487695527,-0.53
BCS,2024-12-31,1518202000000.0,1445721000000.0,72481000000.0,26230000000.0,,,6307000000.0,0.24044986656500192,1.392
BCS,2023-12-31,1477487000000.0,1405623000000.0,71864000000.0,25384000000.0,,,5259000000.0,0.20717774976363063,1.076
BEKE,2023-12-31,120331931000.0,48130826000.0,72201105000.0,77776932000.0,21718014000.0,5652557000.0,5883224000.0,0.07564227398427081,4.89
BJ,2024-01-31,6677622000.0,5218771000.0,1458851000.0,19968689000.0,3642560000.0,820047000.0,523741000.0,0.02622811141983332,3.88
BK,2024-12-31,416064000000.0,374300000000.0,41764000000.0,18258000000.0,,,4530000000.0,0.24811041735129807,
BK,2023-12-31,409877000000.0,368972000000.0,40905000000.0,17488000000.0,,,3302000000.0,0.18881518755718207,3.89
BLX,2023-12-31,10743792000.0,9539968000.0,1203824000.0,237335000.0,,,166158000.0,0.7000990161585944,4.55
BMTX,2023-12-31,54640000.0,23668000.0,30972000.0,55252000.0,26566000.0,-19043000.0,-17331000.0,-0.31367190327951927,-1.5
BMY,2024-12-31,92603000000.0,76215000000.0,16388000000.0,48300000000.0,34332000000.0,5887000000.0,-8948000000.0,-0.18525879917184265,
BMY,2023-12-31,95159000000.0,65674000000.0,29485000000.0,45006000000.0,34313000000.0,8195000000.0,8025000000.0,0.17830955872550328,3.86
BRO,2024-12-31,17612000000.0,11175000000.0,6437000000.0,4705000000.0,2299000000.0,1367000000.0,993000000.0,0.2110520722635494,3.46
BRO,2023-12-31,14883400000.0,9304600000.0,5578800000.0,4199400000.0,2012800000.0,1156900000.0,870500000.0,0.20729151783588132,3.05
CAE,2024-03-31,9834100000.0,5531500000.0,4302600000.0,4282800000.0,1154500000.0,467900000.0,-304000000.0,-0.07098160082189223,-0.95
CDMO,2024-04-30,336557000.0,275668000.0,60889000.0,139911000.0,7318000.0,-18678000.0,-140753000.0,-1.006018111513748,-2.23
CDXC,2024-12-31,68278000.0,22184000.0,46094000.0,99597000.0,61586000.0,7726000.0,8550000.0,0.08584595921563902,
CDXC,2023-12-31,54964000.0,26508000.0,28456000.0,83570000.0,50780000.0,-5599000.0,-4938000.0,-0.059088189541701565,-0.07
CHEF,2024-12-31,1858691000.0,1321045000.0,537646000.0,3794212000.0,914147000.0,128207000.0,55479000.0,0.014622008469742862,1.32
CHEF,2023-12-31,1705306000.0,1250634000.0,454672000.0,3433763000.0,814474000.0,100943000.0,34590000.0,0.010073496627460893,0.88
CHKP,2023-12-31,5695500000.0,2874500000.0,2821000000.0,2414700000.0,2132100000.0,899100000.0,840300000.0,0.34799353957013296,7.1
CIB,2023-12-31,342928809000000.0,303879080000000.0,39049729000000.0,28509558000000.0,,,6116936000000.0,0.21455737756439436,25438.820079
CMRX,2023-12-31,212774000.0,19745000.0,193029000.0,324000.0,324000.0,-93065000.0,-82095000.0,-253.37962962962962,-0.93
CNO,2024-12-31,37852600000.0,35354200000.0,2498400000.0,4445600000.0,,,404000000.0,0.09087637214324276,3.74
CNO,2023-12-31,35027100000.0,32811500000.0,2215600000.0,4146800000.0,,,276500000.0,0.06667792032410533,2.4
COEP,2023-12-31,4571089.0,3757125.0,813964.0,0.0,0.0,-21491125.0,-21266537.0,,-0.83
COMP,2024-12-31,1178000000.0,765600000.0,412400000.0,5629100000.0,994500000.0,-145100000.0,-154400000.0,-0.027428896271162354,
COMP,2023-12-31,1160300000.0,728300000.0,432000000.0,4885000000.0,878000000.0,-284500000.0,-321300000.0,-0.0657727737973388,-0.69
COOP,2024-12-31,18939000000.0,14126000000.0,4813000000.0,3015000000.0,1544000000.0,920000000.0,669000000.0,0.2218905472636816,10.4
COOP,2023-12-31,14196000000.0,9914000000.0,4282000000.0,2322000000.0,1151000000.0,613000000.0,500000000.0,0.2153316106804479,7.46
CPIX,2023-12-31,81776075.0,52516206.0,29259869.0,39552507.0,33485896.0,-9554661.0,-6279320.0,-0.15875908953129064,-0.44
CPTN,2023-12-31,76449000.0,114816000.0,-38367000.0,13056000.0,3550000.0,-50703000.0,-48546000.0,-3.7182904411764706,-3.08
CQP,2024-12-31,17453000000.0,17962000000.0,-509000000.0,8704000000.0,4450000000.0,3280000000.0,2510000000.0,0.2883731617647059,4.25
CQP,2023-12-31,18102000000.0,18886000000.0,-784000000.0,9664000000.0,6249000000.0,5036000000.0,4254000000.0,0.44019039735099336,6.95
CRMD,2023-12-31,82059957.0,11917528.0,70142429.0,0.0,0.0,-48957788.0,-46339227.0,,-0.91
CSCO,2024-07-31,124413000000.0,78956000000.0,45457000000.0,53803000000.0,34828000000.0,12970000000.0,10320000000.0,0.1918108655651172,2.54
CSGS,2024-12-31,1500687000.0,1218118000.0,282569000.0,1197248000.0,582785000.0,144656000.0,86852000.0,0.07254303202009943,3.03
CSGS,2023-12-31,1443046000.0,1169720000.0,273326000.0,1169258000.0,554216000.0,140213000.0,66246000.0,0.0566564436591411,2.2
CTV,2023-12-31,249955000.0,53965000.0,195990000.0,139882000.0,106077000.0,-18454000.0,-31911000.0,-0.22812799359460117,-0.23
CURI,2023-12-31,101022000.0,28376000.0,72646000.0,56889000.0,21336000.0,-25501000.0,-48896000.0,-0.8594983212923413,-0.92
CWAN,2024-12-31,1169572000.0,139341000.0,1030231000.0,451803000.0,328816000.0,12234000.0,424378000.0,0.9392987651697753,
CWAN,2023-12-31,558743000.0,149086000.0,409657000.0,368168000.0,261041000.0,-16745000.0,-21627000.0,-0.058742204645705225,-0.11
CXDO,2024-12-31,64938000.0,13525000.0,51413000.0,60838000.0,37743000.0,1824000.0,1677000.0,0.027565008711660476,
CXDO,2023-12-31,56160000.0,11547000.0,44613000.0,53199000.0,31635000.0,-1689000.0,-362000.0,-0.006804639184947086,-0.01
DAO,2023-12-31,1666195000.0,3795298000.0,-2129103000.0,5389208000.0,2767462000.0,-433540000.0,-549935000.0,-0.10204375114116954,-4.53
DB,2023-12-31,1312331000000.0,1237514000000.0,74817000000.0,28875000000.0,,,4772000000.0,0.16526406926406925,2.03
DBVT,2023-12-31,182986000.0,42799000.0,140187000.0,0.0,,-76533000.0,-72726000.0,,-0.76
DE,2024-10-31,107320000000.0,84395000000.0,22925000000.0,50518000000.0,19495000000.0,11427000000.0,7100000000.0,0.14054396452749515,
DESP,2023-12-31,898334000.0,1024153000.0,-125819000.0,706040000.0,477102000.0,65299000.0,24490000.0,0.03468642003285933,-0.09
DGICA,2023-12-31,2266293888.0,1786548534.0,479745354.0,927337984.0,,,4425504.0,0.004772266505153746,0.11
DOCN,2024-12-31,1639015000.0,1841970000.0,-202955000.0,780615000.0,465943000.0,91007000.0,84492000.0,0.1082377356315213,0.89
DOCN,2023-12-31,1460967000.0,1774665000.0,-313698000.0,692884000.0,397497000.0,32783000.0,19409000.0,0.028011903868468604,0.2
DOCS,2024-03-31,1079374000.0,177977000.0,901397000.0,475422000.0,424753000.0,171814000.0,147582000.0,0.3104231608970557,0.72
DRI,2024-05-31,11323000000.0,9080500000.0,2242500000.0,11390000000.0,2410200000.0,1326600000.0,1027600000.0,0.09021949078138718,8.51
DVAX,2024-12-31,986256000.0,389457000.0,596799000.0,277246000.0,227801000.0,-4122000.0,27309000.0,0.09850097025746088,
DVAX,2023-12-31,997096000.0,375024000.0,622072000.0,232284000.0,182117000.0,-25715000.0,-6389000.0,-0.027505123039038418,-0.05
ENFN,2024-12-31,143261000.0,43722000.0,99539000.0,201611000.0,136737000.0,6155000.0,2823000.0,0.014002212180882987,
ENFN,2023-12-31,108972000.0,31490000.0,77482000.0,174535000.0,116894000.0,11948000.0,6025000.0,0.03452029678860973,0.07
EPAC,2024-08-31,777328000.0,385349000.0,391979000.0,589510000.0,301011000.0,129134000.0,85749000.0,0.14545809231395565,1.56
EPAC,2023-08-31,,,,598204000.0,295039000.0,84863000.0,46561000.0,0.07783465172416099,0.82
ERIC,2023-12-31,297036000000.0,199628000000.0,97408000000.0,263351000000.0,101602000000.0,11983000000.0,-26446000000.0,-0.10042111098875645,-7.94
ERJ,2023-12-31,10782500000.0,7743200000.0,3039300000.0,5268500000.0,909600000.0,244800000.0,164000000.0,0.0311284046692607,0.88
ESAB,2024-12-31,4033975000.0,2225726000.0,1808249000.0,2740803000.0,1037455000.0,457677000.0,264842000.0,0.09662934548743561,
ESAB,2023-12-31,3828629000.0,2180972000.0,1647657000.0,2774766000.0,1015751000.0,428276000.0,205285000.0,0.07398281512747382,3.36
ESE,2024-09-30,1838620000.0,601270000.0,1237350000.0,1026759000.0,404018000.0,147199000.0,101881000.0,0.09922581637950094,3.94
ETR,2024-12-31,64790032000.0,49605048000.0,15184984000.0,11879653000.0,5738287000.0,2758224000.0,1061184000.0,0.08932786168080835,2.45
ETR,2023-12-31,59703396000.0,44960290000.0,14743106000.0,12147412000.0,5329436000.0,2660654000.0,2362310000.0,0.19447022954354393,5.55
EVRI,2024-12-31,1921909000.0,1665973000.0,255936000.0,757903000.0,600072000.0,89185000.0,15016000.0,0.019812561765819636,0.17
EVRI,2023-12-31,2123870000.0,1897728000.0,226142000.0,807821000.0,646581000.0,179284000.0,83997000.0,0.10397971827917324,0.91
EWTX,2024-12-31,486817000.0,27601000.0,459216000.0,0.0,,-158832000.0,-133813000.0,,
EWTX,2023-12-31,340035000.0,21205000.0,318830000.0,0.0,,-114357000.0,-100163000.0,,-1.57
EXEL,2024-12-31,2947690000.0,703487000.0,2244203000.0,2168701000.0,2092485000.0,689949000.0,521267000.0,0.24035909053391868,1.76
EXEL,2023-12-31,2942357000.0,678445000.0,2263912000.0,1830208000.0,1757661000.0,170885000.0,207765000.0,0.11351988407874952,0.65
EXFY,2024-12-31,173680000.0,45437000.0,128243000.0,139236000.0,74997000.0,-820000.0,-10055000.0,-0.07221551897497773,
EXFY,2023-12-31,176784000.0,76040000.0,100744000.0,150687000.0,83799000.0,-33149000.0,-41456000.0,-0.2751133143535939,-0.51
EZPW,2024-09-30,1493237000.0,688666000.0,804571000.0,1161602000.0,682273000.0,112592000.0,83095000.0,0.07153482862460636,1.1
FARO,2024-12-31,483005000.0,233395000.0,249610000.0,342427000.0,187153000.0,6513000.0,-9066000.0,-0.026475715992021656,
FARO,2023-12-31,504692000.0,236086000.0,268606000.0,358831000.0,164999000.0,-34143000.0,-56577000.0,-0.15767032391292837,-2.99
FDP,2024-12-31,3096200000.0,1089400000.0,2006800000.0,4280200000.0,357900000.0,161000000.0,142200000.0,0.03322274660062614,2.96
FDP,2023-12-31,3184100000.0,1271400000.0,1912700000.0,4320700000.0,350700000.0,164000000.0,-11400000.0,-0.0026384613604277084,-0.24
FI,2024-12-31,77176000000.0,49490000000.0,27686000000.0,20456000000.0,12443000000.0,5879000000.0,3131000000.0,0.15306022682831444,5.38
FI,2023-12-31,90890000000.0,60221000000.0,30669000000.0,19093000000.0,11423000000.0,4847000000.0,3068000000.0,0.1606871628345467,4.98
FINV,2023-12-31,21293673000.0,7422775000.0,13870898000.0,12600559000.0,10435930000.0,2383887000.0,2340835000.0,0.18577231375211212,8.35
FNA,2024-12-31,290717000.0,160131000.0,130586000.0,256182000.0,191489000.0,-40778000.0,-54639000.0,-0.21328196360400029,
FNA,2023-12-31,332683000.0,162958000.0,169725000.0,216389000.0,164435000.0,-45665000.0,-57534000.0,-0.2658822768255318,-0.7
FOXA,2024-06-30,21972000000.0,10916000000.0,11056000000.0,13980000000.0,,2478000000.0,1501000000.0,0.10736766809728183,3.13
FOX,2024-06-30,21972000000.0,10916000000.0,11056000000.0,13980000000.0,,2478000000.0,1501000000.0,0.10736766809728183,3.13
FPH,2024-12-31,3076417000.0,896320000.0,2180097000.0,237926000.0,118831000.0,67598000.0,68297000.0,0.2870514361608231,0.96
FPH,2023-12-31,2969288000.0,962184000.0,2007104000.0,211732000.0,77744000.0,26249000.0,55394000.0,0.26162318402508833,0.76
FSI,2023-12-31,55471055.0,17202983.0,38268072.0,38324806.0,10337355.0,3460821.0,2775864.0,0.07242995567935817,0.22
FUTU,2023-12-31,97135847000.0,72564116000.0,24571731000.0,10008418000.0,8472188000.0,5007483000.0,4281474000.0,0.42778728866040566,30.56
FYBR,2024-12-31,20614000000.0,15674000000.0,4940000000.0,5873000000.0,3763000000.0,477000000.0,-322000000.0,-0.054827175208581644,
FYBR,2023-12-31,20693000000.0,15414000000.0,5279000000.0,5676000000.0,3551000000.0,565000000.0,29000000.0,0.0051092318534179,0.12
G,2024-12-31,4987153000.0,2597542000.0,2389611000.0,4767139000.0,1690066000.0,702061000.0,513670000.0,0.10775225979355751,
G,2023-12-31,4805713000.0,2557321000.0,2248392000.0,4476888000.0,1570665000.0,626667000.0,631255000.0,0.14100308071142276,3.41
GB,2024-03-31,1090646000.0,1020322000.0,70324000.0,422303000.0,310506000.0,96946000.0,13975000.0,0.033092353120863456,0.06
GE,2024-12-31,123140000000.0,103575000000.0,19565000000.0,38702000000.0,14394000000.0,6761000000.0,6556000000.0,0.16939693039119424,5.99
GE,2023-12-31,173300000000.0,144695000000.0,28605000000.0,35348000000.0,12409000000.0,4717000000.0,9482000000.0,0.2682471426954849,8.36
GENI,2023-12-31,775724000.0,202705000.0,573019000.0,412977000.0,69005000.0,-71664000.0,-85534000.0,-0.20711565050838182,-0.38
GFL,2024-12-31,21207400000.0,13985700000.0,7221700000.0,7862000000.0,1485700000.0,415000000.0,-722700000.0,-0.09192317476469092,
GFL,2023-12-31,19879200000.0,12493000000.0,7386200000.0,7515500000.0,1269400000.0,261100000.0,45400000.0,0.006040848912248021,-0.13
GILT,2023-12-31,426886000.0,152198000.0,274688000.0,266090000.0,104945000.0,19232000.0,23504000.0,0.08833101582171446,0.41
GILD,2024-12-31,58995000000.0,39749000000.0,19246000000.0,28754000000.0,22503000000.0,10505000000.0,480000000.0,0.01669332962370453,
GILD,2023-12-31,62125000000.0,39376000000.0,22749000000.0,27116000000.0,20618000000.0,8810000000.0,5665000000.0,0.20891724443133206,4.5
GL,2024-12-31,29076181000.0,23770661000.0,5305520000.0,5778069000.0,,,1070762000.0,0.18531485172641587,11.94
GL,2023-12-31,28051499000.0,23564696000.0,4486803000.0,5447533000.0,,,970755000.0,0.17820084798017746,10.07
GRMN,2024-12-31,9630527000.0,1782129000.0,7848398000.0,6296903000.0,3696555000.0,1593994000.0,1411436000.0,0.2241476484551215,7.3
GRMN,2023-12-31,8603569000.0,1591509000.0,7012060000.0,5228252000.0,3004955000.0,1092160000.0,1289636000.0,0.24666676357604797,6.71
GSHD,2024-12-31,397653000.0,358577000.0,39076000.0,314505000.0,,,30426000.0,0.09674250011923499,
GSHD,2023-12-31,354892000.0,338106000.0,16786000.0,261276000.0,,,14140000.0,0.054119015906550924,0.55
HALO,2024-12-31,2063477000.0,1699656000.0,363821000.0,1015324000.0,855907000.0,551475000.0,444091000.0,0.43738845925044617,3.43
HALO,2023-12-31,1733270000.0,1649462000.0,83808000.0,829253000.0,636892000.0,337574000.0,281594000.0,0.3395754974657915,2.1
HCI,2024-12-31,2230213000.0,1761172000.0,469041000.0,749454000.0,,,109953000.0,0.14671080546637952,8.89
HCI,2023-12-31,1811316000.0,1387991000.0,423325000.0,550009000.0,,,79034000.0,0.14369583043186565,7.62
HCP,2024-01-31,1691947000.0,478954000.0,1212993000.0,583137000.0,474438000.0,-254278000.0,-190668000.0,-0.32696947715545405,-0.98
HEES,2024-12-31,2795530000.0,2173050000.0,622480000.0,1516583000.0,675200000.0,219646000.0,122982000.0,0.08109150636661495,3.37
HEES,2023-12-31,2639886000.0,2105597000.0,534289000.0,1469216000.0,684461000.0,279029000.0,169293000.0,0.11522676039465947,4.66
HG,2024-12-31,7796033000.0,5467196000.0,2328837000.0,2379026000.0,,,400429000.0,0.16831636140168288,
HG,2023-12-31,6671355000.0,4623372000.0,2047983000.0,1617883000.0,,,258727000.0,0.15991700265099515,2.44
HIPO,2023-12-31,1524700000.0,1140000000.0,384700000.0,209700000.0,,,-273100000.0,-1.302336671435384,-11.58
HSAI,2023-12-31,5662543000.0,1800225000.0,3862318000.0,1876989000.0,661378000.0,-571591000.0,-475968000.0,-0.25358060169771907,-3.81
HSBC,2024-12-31,3017048000000.0,2824775000000.0,192273000000.0,67606000000.0,,,23979000000.0,0.35468745377629207,6.2
HSBC,2023-12-31,3038677000000.0,2846067000000.0,192610000000.0,64528000000.0,,,23533000000.0,0.36469439623109345,5.7
HSII,2024-12-31,1194188000.0,741371000.0,452817000.0,1115676000.0,281098000.0,73945000.0,8728000.0,0.007823059741358602,0.41
HSII,2023-12-31,1141591000.0,679313000.0,462278000.0,1041182000.0,276113000.0,82603000.0,54410000.0,0.052257914562487635,2.62
HURN,2024-12-31,1343617000.0,782290000.0,561327000.0,1521805000.0,476013000.0,178732000.0,116626000.0,0.07663662558606392,6.27
HURN,2023-12-31,1262142000.0,729250000.0,532892000.0,1398755000.0,419292000.0,136898000.0,62479000.0,0.04466757938309425,3.19
HWM,2024-12-31,10519000000.0,5965000000.0,4554000000.0,7430000000.0,2311000000.0,1639000000.0,1155000000.0,0.15545087483176312,2.81
HWM,2023-12-31,10428000000.0,6391000000.0,4037000000.0,6640000000.0,1867000000.0,1216000000.0,765000000.0,0.11521084337349398,1.83
IBEX,2024-06-30,293904000.0,128105000.0,165799000.0,508569000.0,152033000.0,39429000.0,33655000.0,0.06617587780615806,1.84
IBIO,2024-06-30,28734000.0,7410000.0,21324000.0,225000.0,,-16634000.0,-24907000.0,-110.69777777777777,-6.5
IBIO,2023-06-30,,,,0.0,,-29343000.0,-65010000.0,,-106.19
IBM,2024-12-31,137175000000.0,109782000000.0,27393000000.0,62753000000.0,35551000000.0,10074000000.0,6023000000.0,0.0959794750848565,
IBM,2023-12-31,135241000000.0,112628000000.0,22613000000.0,61860000000.0,34300000000.0,9821000000.0,7502000000.0,0.12127384416424183,8.14
ICL,2023-12-31,11627000000.0,5590000000.0,6037000000.0,7536000000.0,2671000000.0,1209000000.0,647000000.0,0.08585456475583864,0.5
IDCC,2024-12-31,1835529000.0,978314000.0,857215000.0,868516000.0,699277000.0,439512000.0,358614000.0,0.4129043103408573,12.07
IDCC,2023-12-31,1770814000.0,1189265000.0,581549000.0,549588000.0,470191000.0,221615000.0,214069000.0,0.3895081406435366,7.62
IFS,2023-12-31,89624779000.0,79616678000.0,10008101000.0,6101901000.0,,,1072728000.0,0.17580226227859155,9.327
IMAX,2024-12-31,830398000.0,452183000.0,378215000.0,352208000.0,190200000.0,47611000.0,26059000.0,0.07398753009585245,
IMAX,2023-12-31,814669000.0,469080000.0,345589000.0,374839000.0,214341000.0,53488000.0,25335000.0,0.06758901821848846,0.46
INFN,2024-12-31,1533758000.0,1417243000.0,116515000.0,1418446000.0,544560000.0,-56443000.0,-150338000.0,-0.1059878204739553,
INFN,2023-12-31,1679238000.0,1462647000.0,216591000.0,1614128000.0,622912000.0,1877000.0,-25213000.0,-0.015620198645956207,-0.11
ITCI,2024-12-31,1366912000.0,218452000.0,1148460000.0,680501000.0,623538000.0,-116721000.0,-74676000.0,-0.10973679685996053,-0.72
ITCI,2023-12-31,728295000.0,136871000.0,591424000.0,462175000.0,428430000.0,-159381000.0,-139674000.0,-0.3022102017634013,-1.46
ITRG,2023-12-31,82388987.0,41868741.0,40520246.0,0.0,-1046095.0,-29457702.0,-29016269.0,,-0.52
ITRN,2023-12-31,318688000.0,138439000.0,180249000.0,319978000.0,153161000.0,66322000.0,48137000.0,0.15043846764465058,2.4
JD,2023-12-31,628958000000.0,332578000000.0,296380000000.0,1084662000000.0,159704000000.0,31467000000.0,24167000000.0,0.02228067361076538,15.22
JFIN,2023-12-31,5644766000.0,3264305000.0,2380461000.0,5466873000.0,3455320000.0,1332470000.0,1297619000.0,0.23736037036163085,24.24
JVA,2024-10-31,34010688.0,7833121.0,26177567.0,78562298.0,16041769.0,2963558.0,2218014.0,0.02823254991853726,0.39
JVA,2023-10-31,42191901.0,18476810.0,23715091.0,68173404.0,10959022.0,-1331695.0,-835576.0,-0.012256627232520178,-0.15
JWN,2024-01-31,8444000000.0,7596000000.0,848000000.0,14693000000.0,5390000000.0,535000000.0,134000000.0,0.009119989110460764,0.82
K,2024-12-31,15628000000.0,11746000000.0,3882000000.0,12749000000.0,4545000000.0,1873000000.0,1343000000.0,0.10534159541924856,
K,2023-12-31,15621000000.0,12252000000.0,3369000000.0,13122000000.0,4283000000.0,1505000000.0,951000000.0,0.07247370827617741,2.76
KAI,2024-12-31,1430345000.0,572217000.0,858128000.0,1053384000.0,466148000.0,171910000.0,111598000.0,0.10594237239221405,9.48
KAI,2023-12-31,1175665000.0,399425000.0,776240000.0,957672000.0,416306000.0,166480000.0,116069000.0,0.12119911619009431,9.9
KC,2023-12-31,15070278000.0,7824374000.0,7245904000.0,7047461000.0,850169000.0,-1354067000.0,-2176340000.0,-0.3088119253160819,-9.15
KGC,2023-12-31,10543300000.0,4357600000.0,6185700000.0,4239700000.0,1159600000.0,764400000.0,416300000.0,0.09819090973417931,0.34
KMDA,2024-12-31,372255000.0,112791000.0,259464000.0,160953000.0,69967000.0,20051000.0,14462000.0,0.08985231713605835,
KMDA,2023-12-31,354907000.0,110886000.0,244021000.0,142519000.0,55490000.0,10064000.0,8284000.0,0.058125583255565924,0.15
KT,2023-12-31,42791647000000.0,24249072000000.0,18542575000000.0,26287201000000.0,16724573000000.0,1689118000000.0,993325000000.0,0.037787400796303876,1988.5
LAUR,2024-12-31,1862060000.0,903517000.0,958543000.0,1566642000.0,419759000.0,373983000.0,296474000.0,0.18924170295447204,1.92
LAUR,2023-12-31,2125616000.0,1176478000.0,949138000.0,1484288000.0,394507000.0,341895000.0,107590000.0,0.07248593264918937,0.68
LBRDA,2024-12-31,16687000000.0,6879000000.0,9808000000.0,1016000000.0,,92000000.0,869000000.0,0.8553149606299213,
LBRDA,2023-12-31,15641000000.0,6618000000.0,9023000000.0,981000000.0,,73000000.0,688000000.0,0.7013251783893986,4.71
LBRDK,2024-12-31,16687000000.0,6879000000.0,9808000000.0,1016000000.0,,92000000.0,869000000.0,0.8553149606299213,6.08
LBRDK,2023-12-31,15641000000.0,6618000000.0,9023000000.0,981000000.0,,73000000.0,688000000.0,0.7013251783893986,4.71
LFT,2023-12-31,1446932447.0,1206140067.0,240792380.0,30266089.0,,,19714496.0,0.6513724320311092,0.29
LGND,2024-12-31,941774000.0,111335000.0,830439000.0,167133000.0,156059000.0,23021000.0,-4032000.0,-0.02412449964997936,
LGND,2023-12-31,787216000.0,86303000.0,700913000.0,131314000.0,120802000.0,9821000.0,52154000.0,0.39717014179752347,2.94
LNC,2024-12-31,390831000000.0,382562000000.0,8269000000.0,17989000000.0,,,3275000000.0,0.182055700705987,
LNC,2023-12-31,372413000000.0,365520000000.0,6893000000.0,11711000000.0,,,-752000000.0,-0.06421313295192554,-4.92
LTH,2024-12-31,7152537000.0,4542187000.0,2610350000.0,2620995000.0,1228574000.0,357483000.0,156240000.0,0.05961094927689675,
LTH,2023-12-31,7032141000.0,4778029000.0,2254112000.0,2216593000.0,1032223000.0,225210000.0,76063000.0,0.03431527574074266,0.37
LX,2023-12-31,23140791000.0,13430709000.0,9710082000.0,13057082000.0,4513070000.0,1879098000.0,1065945000.0,0.0816373060994792,6.34
LYG,2024-12-31,906697000000.0,860809000000.0,45888000000.0,18603000000.0,,,4421000000.0,0.23764984142342632,0.248
LYG,2023-12-31,881453000000.0,834088000000.0,47365000000.0,19199000000.0,,,5460000000.0,0.2843898119693734,0.3
MCRI,2024-12-31,691583000.0,173835000.0,517748000.0,522186000.0,280816000.0,92503000.0,72769000.0,0.1393545594864665,3.84
MCRI,2023-12-31,680873000.0,167733000.0,513140000.0,501478000.0,269175000.0,110152000.0,82448000.0,0.16441000402809297,4.2
MD,2024-12-31,2152700000.0,1387762000.0,764938000.0,2012919000.0,454344000.0,183681000.0,-99069000.0,-0.049216585466181205,-1.19
MD,2023-12-31,2219810000.0,1370749000.0,849061000.0,1994640000.0,421565000.0,157852000.0,-60408000.0,-0.03028516424016364,-0.73
MDGL,2024-12-31,1042247000.0,287864000.0,754383000.0,180133000.0,173900000.0,-497875000.0,-465892000.0,-2.5863778430381994,-21.9
MDGL,2023-12-31,640547000.0,235214000.0,405333000.0,0.0,0.0,-380496000.0,-373630000.0,,-19.99
MFG,2024-03-31,278672151000000.0,268360016000000.0,10312135000000.0,2971068000000.0,,,678993000000.0,0.22853499145761727,53.576
MIDD,2024-12-31,7283151000.0,3644720000.0,3638431000.0,3875162000.0,1470369000.0,707867000.0,428433000.0,0.11055873277039772,
MIDD,2023-12-31,6906692000.0,3656803000.0,3249889000.0,4036605000.0,1534062000.0,727116000.0,400882000.0,0.09931167404291477,7.41
MITT,2024-12-31,6913609000.0,6370186000.0,543423000.0,75322000.0,,,55737000.0,0.7399830062929821,1.23
MITT,2023-12-31,6126428000.0,5598060000.0,528368000.0,54920000.0,,,53784000.0,0.9793153678077203,1.68
MLI,2024-12-31,3290906000.0,486498000.0,2804408000.0,3768766000.0,1044438000.0,762391000.0,604879000.0,0.16049789241359108,5.31
MLI,2023-12-31,2759301000.0,400585000.0,2358716000.0,3420345000.0,986834000.0,737883000.0,602897000.0,0.17626789110455232,5.3
MMM,2024-12-31,39868000000.0,35974000000.0,3894000000.0,24575000000.0,10128000000.0,4822000000.0,4173000000.0,0.16980671414038656,7.55
MMM,2023-12-31,50580000000.0,45712000000.0,4868000000.0,24610000000.0,9627000000.0,-10725000000.0,-6995000000.0,-0.2842340511986997,-12.63
MO,2024-12-31,35177000000.0,37365000000.0,-2188000000.0,20444000000.0,14367000000.0,11630000000.0,11264000000.0,0.5509684993152025,6.54
MO,2023-12-31,38570000000.0,42060000000.0,-3490000000.0,20502000000.0,14284000000.0,11547000000.0,8130000000.0,0.3965466783728417,4.57
MOMO,2023-12-31,16228009000.0,4241219000.0,11986790000.0,12002323000.0,4976929000.0,2305016000.0,1957581000.0,0.1631001765241612,9.84
MP,2024-12-31,2333558000.0,1278678000.0,1054880000.0,203855000.0,-66788000.0,-163742000.0,-65424000.0,-0.3209339972038949,
MP,2023-12-31,2336452000.0,970673000.0,1365779000.0,253445000.0,105022000.0,3611000.0,24307000.0,0.09590640967468286,0.14
MPLX,2024-12-31,37511000000.0,23501000000.0,14010000000.0,10904000000.0,4817000000.0,4486000000.0,4317000000.0,0.39590975788701394,4.21
MPLX,2023-12-31,36529000000.0,22945000000.0,13584000000.0,10434000000.0,4563000000.0,4300000000.0,3928000000.0,0.37646156795092967,3.8
MRCY,2024-06-30,2378905000.0,906130000.0,1472775000.0,835275000.0,195901000.0,-119874000.0,-137640000.0,-0.1647840531561462,-2.38
MTTR,2024-12-31,543668000.0,146525000.0,397143000.0,169699000.0,82913000.0,-178854000.0,-256621000.0,-1.512212800311139,-0.8
MTTR,2023-12-31,577155000.0,47871000.0,529284000.0,157748000.0,70490000.0,-214239000.0,-199077000.0,-1.261993812916804,-0.66
MUFG,2024-03-31,403703147000000.0,382956171000000.0,20746976000000.0,5879775000000.0,,,1490781000000.0,0.25354388560786767,124.32
MWA,2024-09-30,1635900000.0,825800000.0,810100000.0,1314700000.0,459000000.0,213800000.0,115900000.0,0.08815699399102457,0.74
MWA,2023-09-30,,,,1275700000.0,379500000.0,137600000.0,85500000.0,0.06702202712236419,0.55
MYTE,2024-06-30,696511000.0,260868000.0,435643000.0,840852000.0,384532000.0,-22407000.0,-24911000.0,-0.029625903250512575,-0.29
MYTE,2023-06-30,,,,766003000.0,379976000.0,-3041000.0,-17019000.0,-0.022217928650409984,-0.2
NARI,2023-12-31,674235000.0,209325000.0,464910000.0,493632000.0,434564000.0,-14032000.0,-1636000.0,-0.003314209775703358,-0.03
NFG,2024-09-30,8319770000.0,5471427000.0,2848343000.0,1944810000.0,817704000.0,728853000.0,77513000.0,0.03985633558033947,0.84
NFG,2023-09-30,,,,2173771000.0,847847000.0,755147000.0,476866000.0,0.21937269381181365,5.17
NGD,2024-12-31,2003800000.0,951500000.0,1052300000.0,924500000.0,240700000.0,182300000.0,102600000.0,0.11097890751757707,0.14
NGD,2023-12-31,2286000000.0,1496800000.0,789200000.0,786500000.0,101900000.0,61800000.0,-64500000.0,-0.08200890019071837,-0.09
NI,2024-12-31,31788100000.0,21119800000.0,10668300000.0,5455100000.0,2807700000.0,1451000000.0,760400000.0,0.13939249509633186,1.62
NI,2023-12-31,31077200000.0,20940900000.0,10136300000.0,5505400000.0,2477200000.0,1274400000.0,714300000.0,0.12974534093798815,1.48
NLOP,2024-12-31,805069000.0,219666000.0,585403000.0,142247000.0,98583000.0,34369000.0,-91471000.0,-0.6430434385259443,
NLOP,2023-12-31,1305089000.0,623659000.0,681430000.0,174965000.0,138366000.0,40067000.0,-131746000.0,-0.7529848826908239,-9.0
NOK,2023-12-31,39860000000.0,19232000000.0,20628000000.0,22258000000.0,8687000000.0,1496000000.0,665000000.0,0.02987689819390781,0.12
NWG,2024-12-31,707985000000.0,668607000000.0,39378000000.0,14653000000.0,,,4802000000.0,0.32771446120248415,1.062
NWG,2023-12-31,692673000000.0,655485000000.0,37188000000.0,14779000000.0,,,4636000000.0,0.31368834156573516,0.954
OBK,2024-12-31,9678702000.0,8533457000.0,1145245000.0,352581000.0,,,76492000.0,0.21694872951180014,2.45
OBK,2023-12-31,9722584000.0,8659679000.0,1062905000.0,352857000.0,,,83800000.0,0.23748997469229743,2.71
ODD,2024-12-31,438882000.0,156578000.0,282304000.0,647040000.0,468322000.0,115600000.0,101491000.0,0.1568542903066271,
ODD,2023-12-31,404906000.0,121799000.0,283107000.0,508685000.0,358229000.0,74318000.0,58534000.0,0.11506924717654345,1.0
OPK,2024-12-31,2200212000.0,834764000.0,1365448000.0,713142000.0,218510000.0,-273558000.0,-53224000.0,-0.07463310252376104,-0.08
OPK,2023-12-31,2011698000.0,622479000.0,1389219000.0,863495000.0,318127000.0,-158057000.0,-188863000.0,-0.21871927457599638,-0.25
OPRT,2024-12-31,3227103000.0,2873294000.0,353809000.0,295204000.0,,,-78682000.0,-0.26653432880313277,
OPRT,2023-12-31,3411888000.0,3007484000.0,404404000.0,280666000.0,,,-179951000.0,-0.6411571048862349,-4.88
ORGO,2024-12-31,497886000.0,112570000.0,385316000.0,482043000.0,366302000.0,21518000.0,861000.0,0.0017861477088143589,-0.01
ORGO,2023-12-31,460025000.0,181362000.0,278663000.0,433140000.0,326659000.0,12525000.0,4945000.0,0.01141663203583137,0.04
ORLA,2023-12-31,535778000.0,135237000.0,400541000.0,233643000.0,141527000.0,89239000.0,-27010000.0,-0.11560372020561284,-0.09
PAAS,2024-12-31,7202700000.0,2486100000.0,4716600000.0,2818900000.0,548500000.0,350300000.0,111500000.0,0.03955443612756749,
PAAS,2023-12-31,7213100000.0,2440600000.0,4772500000.0,2316100000.0,296800000.0,82700000.0,-103700000.0,-0.04477354172963171,-0.32
PAHC,2024-06-30,982184000.0,725543000.0,256641000.0,1017679000.0,313092000.0,53315000.0,2416000.0,0.0023740295319054435,0.06
PAYC,2024-12-31,5859900000.0,4284000000.0,1575900000.0,1883200000.0,1548600000.0,634300000.0,502000000.0,0.26656754460492776,8.92
PAYC,2023-12-31,4197500000.0,2894500000.0,1303000000.0,1693700000.0,1417400000.0,451300000.0,340800000.0,0.2012162720670721,5.88
PBI,2024-12-31,3397516000.0,3975949000.0,-578433000.0,2026598000.0,1125900000.0,376049000.0,-203597000.0,-0.1004624498790584,-1.13
PBI,2023-12-31,4272185000.0,4640761000.0,-368576000.0,2078925000.0,1093891000.0,282796000.0,-385627000.0,-0.1854934641701841,-2.2
PDCO,2024-04-30,2896732000.0,1895000000.0,1001732000.0,6568272000.0,1380242000.0,252924000.0,185931000.0,0.02830744524587289,1.98
PEN,2024-12-31,1533181000.0,382250000.0,1150931000.0,1194615000.0,754995000.0,86224000.0,14012000.0,0.011729301908983228,0.36
PEN,2023-12-31,1556305000.0,377361000.0,1178944000.0,1058522000.0,682643000.0,91766000.0,90954000.0,0.08592546966430552,2.32
PFC,2024-12-31,8581575000.0,7579762000.0,1001813000.0,243593000.0,,,64042000.0,0.2629057485231513,1.98
PFC,2023-12-31,8625949000.0,7650322000.0,975627000.0,300562000.0,,,104552000.0,0.3478550182657821,3.11
PGR,2024-12-31,105745000000.0,80154000000.0,25591000000.0,75343000000.0,,,8480000000.0,0.11255192917722948,14.4
PGR,2023-12-31,88690800000.0,68413700000.0,20277100000.0,62082300000.0,,,3902400000.0,0.06285849589979753,6.58
PLMR,2024-12-31,2262220000.0,1533190000.0,729030000.0,553863000.0,,,117573000.0,0.21227812654031772,4.48
PLMR,2023-12-31,1708022000.0,1236770000.0,471252000.0,375926000.0,,,79201000.0,0.21068242154040956,3.13
PLX,2023-12-31,84434000.0,50865000.0,33569000.0,65494000.0,42512000.0,10460000.0,8312000.0,0.12691238892112255,0.09
PLYA,2024-12-31,1823088000.0,1341198000.0,481890000.0,938569000.0,440403000.0,152583000.0,73813000.0,0.07864419131678119,0.56
PLYA,2023-12-31,1933725000.0,1378928000.0,554797000.0,977504000.0,461055000.0,173931000.0,53852000.0,0.05509133466461518,0.36
PM,2024-12-31,61784000000.0,71654000000.0,-9870000000.0,37878000000.0,24549000000.0,13402000000.0,7057000000.0,0.1863086752204446,4.52
PM,2023-12-31,65304000000.0,74750000000.0,-9446000000.0,35174000000.0,22281000000.0,12221000000.0,7813000000.0,0.2221242963552624,5.02
PPC,2024-12-31,10650576000.0,6397180000.0,4253396000.0,17878291000.0,2312767000.0,1599457000.0,1086438000.0,0.06076856003742192,4.57
PPC,2023-12-31,9810361000.0,6465784000.0,3344577000.0,17362217000.0,1118401000.0,566631000.0,321574000.0,0.0185214825963758,1.36
PRA,2024-12-31,5574273000.0,4372524000.0,1201749000.0,1128201000.0,,,52744000.0,0.046750534700820155,1.03
PRA,2023-12-31,5631925000.0,4519945000.0,1111980000.0,1130421000.0,,,-38604000.0,-0.034150108676325015,-0.73
PRVA,2024-12-31,1135783000.0,452336000.0,683447000.0,1736390000.0,176853000.0,16982000.0,14385000.0,0.008284429189295032,0.11
PRVA,2023-12-31,999900000.0,392511000.0,607389000.0,1657737000.0,161501000.0,20649000.0,23079000.0,0.013921991244690804,0.19
PSTX,2023-12-31,273885000.0,170184000.0,103701000.0,64703000.0,,-129504000.0,-123430000.0,-1.9076395221241673,-1.37
PTCT,2024-12-31,1705024000.0,2803095000.0,-1098071000.0,806780000.0,749382000.0,-146747000.0,-363295000.0,-0.4503024368477156,-4.73
PTCT,2023-12-31,1895698000.0,2714253000.0,-818555000.0,937822000.0,872336000.0,-349402000.0,-626604000.0,-0.6681481133946527,-8.37
PTVE,2024-12-31,5877000000.0,4769000000.0,1108000000.0,5148000000.0,964000000.0,464000000.0,-136000000.0,-0.02641802641802642,
PTVE,2023-12-31,6395000000.0,5046000000.0,1349000000.0,5510000000.0,733000000.0,197000000.0,-223000000.0,-0.04047186932849365,-1.26
PYCR,2024-06-30,2609393000.0,1322467000.0,1286926000.0,654948000.0,431713000.0,-55451000.0,-58942000.0,-0.08999493089527719,-0.33
PYCR,2023-06-30,,,,552692000.0,365552000.0,-104655000.0,-93215000.0,-0.16865632214687384,-0.53
QFIN,2023-12-31,45818572000.0,23808715000.0,22009857000.0,13405157000.0,,,4285336000.0,0.31967816564923485,26.08
RBA,2024-12-31,11807000000.0,6090600000.0,5716400000.0,4284200000.0,2004700000.0,786400000.0,413100000.0,0.09642406983800943,2.01
RBA,2023-12-31,12037400000.0,6528000000.0,5509400000.0,3679600000.0,1778400000.0,682500000.0,206500000.0,0.05612023045983259,1.04
RBC,2024-03-31,4678600000.0,1926700000.0,2751900000.0,1560300000.0,670500000.0,346400000.0,209900000.0,0.13452541177978594,6.41
RLX,2023-12-31,16315097000.0,716681000.0,15598416000.0,1244043000.0,387714000.0,-496710000.0,534328000.0,0.42950926937412937,0.399
ROIC,2023-12-31,2977640000.0,1614433000.0,1363207000.0,327732000.0,237133000.0,111052000.0,34534000.0,0.10537268255769959,0.27
ROOT,2024-12-31,1495700000.0,1292000000.0,203700000.0,1176500000.0,,,30900000.0,0.026264343391415215,
ROOT,2023-12-31,1347700000.0,1182000000.0,165700000.0,455000000.0,,,-147400000.0,-0.32395604395604394,-10.24
RTX,2024-12-31,162861000000.0,100903000000.0,61958000000.0,80738000000.0,15410000000.0,6538000000.0,4774000000.0,0.059129530084966186,3.55
RTX,2023-12-31,161869000000.0,100424000000.0,61445000000.0,68920000000.0,12089000000.0,3561000000.0,3195000000.0,0.046358096343586765,2.23
SABR,2024-12-31,4634929000.0,6226700000.0,-1591771000.0,3029565000.0,908828000.0,286158000.0,-278759000.0,-0.09201287973685991,-0.73
SABR,2023-12-31,4672194000.0,6033638000.0,-1361444000.0,2907738000.0,681536000.0,47143000.0,-527608000.0,-0.181449635421073,-1.56
SAN,2024-12-31,1837081000000.0,1729754000000.0,107327000000.0,63489000000.0,,,12574000000.0,0.19805005591519792,
SAN,2023-12-31,1797062000000.0,1692821000000.0,104241000000.0,59593000000.0,,,11076000000.0,0.1858607554578558,0.65
SAP,2024-12-31,74122000000.0,28314000000.0,45808000000.0,34176000000.0,24932000000.0,7808000000.0,3124000000.0,0.09140917602996254,2.65
SAP,2023-12-31,68335000000.0,24929000000.0,43406000000.0,31207000000.0,22534000000.0,6002000000.0,6139000000.0,0.19671868491043676,5.2
SATS,2024-12-31,60938687000.0,40693462000.0,20245225000.0,15825516000.0,4052939000.0,-304070000.0,-119546000.0,-0.007554003294426545,-0.44
SATS,2023-12-31,57108894000.0,36720602000.0,20388292000.0,17015598000.0,5070267000.0,483190000.0,-1702057000.0,-0.10002922024838622,-6.28
SBUX,2024-09-30,31339300000.0,38780900000.0,-7441600000.0,36176200000.0,9709100000.0,5107600000.0,3760900000.0,0.10396061498996578,3.31
SBUX,2023-09-30,,,,35975600000.0,9846200000.0,5502900000.0,4124500000.0,0.11464714973482026,3.58
SCWX,2024-01-31,724779000.0,223454000.0,501325000.0,365879000.0,217759000.0,-94821000.0,-86042000.0,-0.2351651775587011,-1.0
SE,2023-12-31,18883232000.0,12185647000.0,6697585000.0,13063560000.0,5833647000.0,342653000.0,150726000.0,0.011537896254925916,0.25
SILV,2023-12-31,460174000.0,57849000.0,402325000.0,245130000.0,148306000.0,131331000.0,116720000.0,0.47615550932158446,0.79
SKWD,2024-12-31,3729478000.0,2935479000.0,793999000.0,1147676000.0,,,118828000.0,0.10353793230842154,
SKWD,2023-12-31,2953435000.0,2292404000.0,661031000.0,895403000.0,,,85984000.0,0.09602826883537358,2.24
SKY,2024-03-31,1923341000.0,500971000.0,1422370000.0,2024823000.0,485794000.0,175205000.0,146696000.0,0.07244880169772865,2.53
SLM,2024-12-31,30072110000.0,27912190000.0,2159920000.0,1849050000.0,,,608325000.0,0.3289932668126876,2.73
SLM,2023-12-31,29169468000.0,27288671000.0,1880797000.0,1809329000.0,,,581391000.0,0.3213296199861938,2.44
SMAR,2024-01-31,1337479000.0,731624000.0,605855000.0,958338000.0,771890000.0,-120282000.0,-104631000.0,-0.1091796422556551,-0.78
SNEX,2024-09-30,27466300000.0,25757200000.0,1709100000.0,99887800000.0,2008300000.0,1529400000.0,260800000.0,0.002610929462857326,7.96
SNEX,2023-09-30,,,,60856100000.0,1612100000.0,1173800000.0,238500000.0,0.003919081242471995,7.45
SOLV,2024-12-31,14457000000.0,11498000000.0,2959000000.0,8254000000.0,4593000000.0,1036000000.0,479000000.0,0.05803246910588805,2.76
SOLV,2023-12-31,13943000000.0,2277000000.0,11666000000.0,8197000000.0,4693000000.0,1692000000.0,1346000000.0,0.16420641698182262,7.79
SONY,2024-03-31,34107490000000.0,26351385000000.0,7756105000000.0,13020768000000.0,3325081000000.0,1166986000000.0,970573000000.0,0.07454038041381277,157.136
SRAD,2023-12-31,2247350000.0,1374513000.0,872837000.0,877621000.0,700046000.0,78210000.0,34655000.0,0.03948743250218489,0.11
SSNC,2024-12-31,19044700000.0,12435600000.0,6609100000.0,5882000000.0,2863600000.0,1343500000.0,760500000.0,0.12929275756545391,3.0
SSNC,2023-12-31,18102500000.0,11704800000.0,6397700000.0,5502800000.0,2651800000.0,1208900000.0,607100000.0,0.11032565239514429,2.39
SSRM,2024-12-31,5189020000.0,1242159000.0,3946861000.0,995618000.0,351394000.0,-179127000.0,-261277000.0,-0.26242695491644386,
SSRM,2023-12-31,5385773000.0,1081570000.0,4304203000.0,1426927000.0,408768000.0,281916000.0,-98007000.0,-0.06868396210878341,-0.48
SSY,2024-06-30,20612000.0,4639000.0,15973000.0,32440000.0,12904000.0,-2411000.0,-1527000.0,-0.047071516646115905,-0.22
SSY,2023-06-30,,,,34280000.0,14462000.0,74000.0,-1795000.0,-0.05236289381563594,-0.26
SUM,2023-12-31,5149582000.0,2833002000.0,2316580000.0,2619468000.0,757060000.0,329153000.0,285856000.0,0.10912750222564277,2.39
SWI,2024-12-31,3168288000.0,1767574000.0,1400714000.0,796895000.0,713588000.0,208419000.0,111903000.0,0.1404237697563669,0.64
SWI,2023-12-31,3250915000.0,1808871000.0,1442044000.0,758740000.0,671735000.0,150373000.0,-9109000.0,-0.012005430055091335,-0.06
SWIM,2024-12-31,794207000.0,406985000.0,387222000.0,508520000.0,153744000.0,18277000.0,-17860000.0,-0.03512152914339652,
SWIM,2023-12-31,835003000.0,435803000.0,399200000.0,566492000.0,152944000.0,16129000.0,-2388000.0,-0.004215416987353749,-0.02
T,2024-12-31,394795000000.0,274570000000.0,120225000000.0,122336000000.0,73115000000.0,24124000000.0,10948000000.0,0.08949123724823436,1.49
T,2023-12-31,407060000000.0,287645000000.0,119415000000.0,122428000000.0,72305000000.0,24654000000.0,14400000000.0,0.11762015225275264,1.97
TBRG,2023-12-31,434422000.0,247804000.0,186618000.0,339435000.0,163567000.0,-4349000.0,-45789000.0,-0.13489769764461532,-3.15
TGI,2024-03-31,1686270000.0,1790684000.0,-104414000.0,1192043000.0,322842000.0,112970000.0,512384000.0,0.42983684313401443,6.92
TGTX,2024-12-31,577690000.0,355326000.0,222364000.0,329004000.0,290518000.0,41929000.0,23383000.0,0.07107208422997896,0.15
TGTX,2023-12-31,329587000.0,169085000.0,160502000.0,233662000.0,219531000.0,20633000.0,12672000.0,0.054232181527163165,0.09
TIGO,2023-12-31,14516000000.0,11071000000.0,3445000000.0,5661000000.0,4154000000.0,773000000.0,-82000000.0,-0.01448507330860272,-0.48
TMQ,2024-11-30,133697000.0,903000.0,132794000.0,0.0,-4000.0,-6700000.0,-8587000.0,,
TMQ,2023-11-30,138020000.0,465000.0,137555000.0,0.0,-8000.0,-7222000.0,-14951000.0,,-0.1
TMUS,2024-12-31,208035000000.0,146294000000.0,61741000000.0,81400000000.0,51747000000.0,18010000000.0,11339000000.0,0.1392997542997543,
TMUS,2023-12-31,207682000000.0,142967000000.0,64715000000.0,78558000000.0,48370000000.0,14241000000.0,8317000000.0,0.10587082155859365,6.93
TPL,2024-12-31,1248020000.0,115555000.0,1132465000.0,705823000.0,634537000.0,539138000.0,453960000.0,0.6431640793796745,19.72
TPL,2023-12-31,1156398000.0,113202000.0,1043196000.0,631595000.0,583272000.0,486053000.0,405645000.0,0.6422549260206303,17.59
TRVI,2023-12-31,89403000.0,6856000.0,82547000.0,0.0,,-33923000.0,-29065000.0,,-0.29
TTWO,2024-03-31,12216900000.0,6549000000.0,5667900000.0,5349600000.0,2241800000.0,-1143900000.0,-3744200000.0,-0.6999027964707641,-22.01
TUYA,2023-12-31,1066400000.0,95835000.0,970565000.0,229990000.0,106655000.0,-105824000.0,-60315000.0,-0.26225053263185355,-0.11
UFCS,2024-12-31,3488469000.0,2706938000.0,781531000.0,1251860000.0,,,61957000.0,0.04949195596951736,2.39
UFCS,2023-12-31,3144190000.0,2410445000.0,733745000.0,1098331000.0,,,-29700000.0,-0.0270410286152353,-1.18
UGI,2024-09-30,15098000000.0,10744000000.0,4354000000.0,7210000000.0,3681000000.0,1009000000.0,269000000.0,0.03730929264909848,1.25
UGI,2023-09-30,,,,8928000000.0,1991000000.0,-658000000.0,-1502000000.0,-0.1682347670250896,-7.16
UNF,2024-08-31,2696413000.0,587902000.0,2108511000.0,2427431000.0,847596000.0,183578000.0,145474000.0,0.05992920087120911,7.77
UNM,2024-12-31,61959300000.0,50998200000.0,10961100000.0,12792600000.0,,,1779100000.0,0.13907258884042337,9.46
UNM,2023-12-31,63255200000.0,53603800000.0,9651400000.0,12308700000.0,,,1283800000.0,0.10430021042027184,6.5
USAP,2023-12-31,356690000.0,130648000.0,226042000.0,285943000.0,41539000.0,13756000.0,4910000.0,0.01717125441084412,0.53
USAS,2023-12-31,180488000.0,108288000.0,72200000.0,89562000.0,-6347000.0,-22814000.0,-34958000.0,-0.3903217882584132,-0.16
USAU,2024-04-30,22581133.0,5120678.0,17460455.0,0.0,,-7251262.0,-6897483.0,,-0.74
USM,2024-12-31,10449000000.0,5841000000.0,4608000000.0,3770000000.0,2140000000.0,145000000.0,-39000000.0,-0.010344827586206896,-0.46
USM,2023-12-31,10750000000.0,6096000000.0,4654000000.0,3906000000.0,2178000000.0,154000000.0,54000000.0,0.013824884792626729,0.63
VEEV,2024-01-31,5910920000.0,1266096000.0,4644824000.0,2363673000.0,1686382000.0,429334000.0,525705000.0,0.2224102064879533,3.22
VEON,2023-12-31,8218000000.0,7147000000.0,1071000000.0,3698000000.0,3257000000.0,891000000.0,-2528000000.0,-0.6836127636560303,-36.0
VICR,2024-12-31,641118000.0,70827000.0,570291000.0,359058000.0,183998000.0,18190000.0,6129000.0,0.01706966562505222,0.14
VICR,2023-12-31,594887000.0,53781000.0,541106000.0,405059000.0,204929000.0,51358000.0,53595000.0,0.13231405795205142,1.19
VIOT,2023-12-31,2754388000.0,1410751000.0,1343637000.0,2493386000.0,569520000.0,-119155000.0,-84674000.0,-0.03395944310267243,-1.23
VNET,2023-12-31,30385903000.0,23871520000.0,6514383000.0,7412930000.0,1292485000.0,-100024000.0,-2643836000.0,-0.35665195813261424,-17.58
VRNA,2024-12-31,474242000.0,269683000.0,204559000.0,42279000.0,39697000.0,-151027000.0,-173418000.0,-4.101752643156177,
VRNA,2023-12-31,308124000.0,58841000.0,249283000.0,0.0,0.0,-66465000.0,-54369000.0,,-0.72
VSEC,2024-12-31,1734620000.0,746434000.0,988186000.0,1080132000.0,108200000.0,93624000.0,15324000.0,0.014187154903289598,0.85
VSEC,2023-12-31,1350338000.0,733613000.0,616725000.0,860488000.0,95615000.0,87996000.0,39134000.0,0.04547884456262028,2.76
VTR,2024-12-31,26186906000.0,15357310000.0,10829596000.0,4924266000.0,2097197000.0,681230000.0,81153000.0,0.016480222636226394,
VTR,2023-12-31,24725433000.0,15181028000.0,9544405000.0,4497827000.0,1936581000.0,415514000.0,-40973000.0,-0.0091095099922696,-0.1
VZLA,2024-04-30,272782932.0,3675973.0,269106959.0,0.0,-328976.0,-16237880.0,-15948389.0,,-0.08
WAT,2024-12-31,4553795000.0,2725288000.0,1828507000.0,2958387000.0,1758186000.0,837921000.0,637834000.0,0.21560194795339488,
WAT,2023-12-31,4626854000.0,3476513000.0,1150341000.0,2956416000.0,1761193000.0,817676000.0,642234000.0,0.21723397519158333,10.84
WB,2023-12-31,7280358000.0,3762742000.0,3517616000.0,1759836000.0,1385557000.0,472934000.0,342598000.0,0.19467609481792622,1.43
WBD,2024-12-31,104560000000.0,69622000000.0,34938000000.0,39321000000.0,16351000000.0,18000000.0,-11311000000.0,-0.2876579944558887,-4.62
WBD,2023-12-31,122757000000.0,76285000000.0,46472000000.0,41321000000.0,16795000000.0,-886000000.0,-3126000000.0,-0.07565160572106193,-1.28
WELL,2024-12-31,51044308000.0,18471722000.0,32572586000.0,7853618000.0,3023407000.0,1145698000.0,951680000.0,0.12117727141809036,1.57
WELL,2023-12-31,44012166000.0,17640439000.0,26371727000.0,6478231000.0,2530455000.0,940454000.0,340094000.0,0.052497973598039344,0.66
WGS,2024-12-31,419380000.0,174133000.0,245247000.0,305450000.0,194397000.0,-23213000.0,-52286000.0,-0.17117695203797675,
WGS,2023-12-31,418756000.0,190739000.0,228017000.0,202566000.0,90006000.0,-170194000.0,-175767000.0,-0.8677023784840496,-7.23
WPM,2023-12-31,7031185000.0,45669000.0,6985516000.0,1016045000.0,573440000.0,512531000.0,537644000.0,0.5291537284273826,1.186
XERS,2023-12-31,322602000.0,329384000.0,-6782000.0,163914000.0,135269000.0,-44010000.0,-62255000.0,-0.3798028234317996,-0.45
XNET,2023-12-31,468686000.0,145213000.0,323473000.0,363722000.0,163073000.0,1588000.0,14225000.0,0.03910953970339985,0.2175
XPEV,2023-12-31,84162541000.0,47834014000.0,36328527000.0,30676067000.0,451155000.0,-10918773000.0,-10375775000.0,-0.3382368085191625,-11.92
YI,2023-12-31,3089036000.0,2812932000.0,276104000.0,14948129000.0,848978000.0,-350097000.0,-392693000.0,-0.026270378051995672,-4.66
YMM,2023-12-31,39347647000.0,3452923000.0,35894724000.0,8436159000.0,4317143000.0,997429000.0,2212888000.0,0.2623098971937347,2.0
YRD,2023-12-31,10276916000.0,2191367000.0,8085549000.0,4895633000.0,3919461000.0,2594782000.0,2080197000.0,0.4249086890295902,23.283
YUMC,2024-12-31,11121000000.0,4694000000.0,6427000000.0,11303000000.0,1890000000.0,1200000000.0,911000000.0,0.08059807130850216,
YUMC,2023-12-31,12031000000.0,4912000000.0,7119000000.0,10978000000.0,1885000000.0,1133000000.0,827000000.0,0.07533248314811442,1.97
YY,2023-12-31,8483865000.0,3193849000.0,5290016000.0,2267870000.0,813028000.0,34992000.0,301816000.0,0.13308346598349993,4.8
ZIM,2023-12-31,8346000000.0,5888000000.0,2458000000.0,5162200000.0,-2207600000.0,-2485600000.0,-2695600000.0,-0.5221804656929216,-22.42
ZLAB,2024-12-31,1185753000.0,344855000.0,840898000.0,398988000.0,251128000.0,-273947000.0,-257103000.0,-0.6443878011368763,-2.6
ZLAB,2023-12-31,1036295000.0,240177000.0,796118000.0,266719000.0,170903000.0,-374140000.0,-334620000.0,-1.2545787889126758,-3.5
