Symbol,Date,Eps,Revenue
ACNT,2024-12-31,-0.1,40.671
ACNT,2024-09-30,-0.61,42.901
ACNT,2024-06-30,-0.09,50.189
ACNT,2024-03-31,-0.54,44.11
ACNT,2023-12-31,1.1,8.982
ACNT,2023-09-30,-1.77,56.113
ACNT,2023-06-30,-1.44,60.665
ACNT,2023-03-31,-0.51,82.452
ACNT,2022-12-31,0.01,81.56
ACNT,2022-09-30,0.06,100.167
ACNT,2022-06-30,1.08,116.202
ACNT,2022-03-31,1.0,116.218
ACNT,2021-12-31,0.85,95.668
ACNT,2021-09-30,0.88,86.182
ACNT,2021-06-30,0.31,83.087
ACNT,2021-03-31,0.12,69.778
ACNT,2020-12-31,-0.94,55.901
ACNT,2020-09-30,-1.16,59.266
ACNT,2020-06-30,-0.77,66.136
ACNT,2020-03-31,-0.13,74.697
ACNT,2019-12-31,-0.1,67.946281
ACNT,2019-09-30,-0.11,73.639911
ACNT,2019-06-30,-0.03,78.777976
ACNT,2019-03-31,-0.1,84.803832
ACNT,2018-12-31,0.06,72.674176
ACNT,2018-09-30,0.57,77.792878
ACNT,2018-06-30,0.42,71.893763
ACNT,2018-03-31,0.44,58.480602
ACR,2024-09-30,0.37,25.155
ACR,2024-06-30,0.22,20.936
ACR,2024-03-31,0.07,24.603
ACR,2023-12-31,0.2,22.445
ACR,2023-09-30,0.34,24.006
ACR,2023-06-30,0.1,23.622
ACR,2023-03-31,-0.28,21.803
ACR,2022-12-31,-0.85,23.241
ACR,2022-09-30,0.08,22.806
ACR,2022-06-30,0.08,20.07
ACR,2022-03-31,-0.3,10.923
ACR,2021-12-31,0.76,15.445
ACR,2021-09-30,-1.03,12.096
ACR,2021-06-30,1.04,9.839
ACR,2021-03-31,1.03,13.573
ACR,2020-12-31,2.151935,1.487
ACR,2020-09-30,0.510001,11.72
ACR,2020-06-30,-3.420003,13.734
ACR,2020-03-31,-18.900019,-174.229
ACR,2019-12-31,0.36,11.174
ACR,2019-09-30,0.960001,16.55
ACR,2019-06-30,0.600001,14.287
ACR,2019-03-31,0.540001,14.461
ACR,2018-12-31,0.720001,13.817
ACR,2018-09-30,0.570001,13.23
ACR,2018-06-30,0.600001,14.652
ACR,2018-03-31,-1.200001,6.166
AEE,2024-12-31,0.77,1941.0
AEE,2024-09-30,1.71,2173.0
AEE,2024-06-30,0.97,1693.0
AEE,2024-03-31,0.98,1816.0
AEE,2023-12-31,0.6,1618.0
AEE,2023-09-30,1.88,2060.0
AEE,2023-06-30,0.9,1760.0
AEE,2023-03-31,1.01,2062.0
AEE,2022-12-31,0.63,2046.0
AEE,2022-09-30,1.75,2306.0
AEE,2022-06-30,0.8,1726.0
AEE,2022-03-31,0.98,1879.0
AEE,2021-12-31,0.48,1545.0
AEE,2021-09-30,1.66,1811.0
AEE,2021-06-30,0.81,1472.0
AEE,2021-03-31,0.92,1566.0
AEE,2020-12-31,0.47,1328.0
AEE,2020-09-30,1.48,1628.0
AEE,2020-06-30,0.99,1398.0
AEE,2020-03-31,0.59,1440.0
AEE,2019-12-31,0.38,1316.0
AEE,2019-09-30,1.48,1659.0
AEE,2019-06-30,0.73,1379.0
AEE,2019-03-31,0.78,1556.0
AEE,2018-12-31,0.28,1419.0
AEE,2018-09-30,1.46,1724.0
AEE,2018-06-30,0.98,1563.0
AEE,2018-03-31,0.62,1585.0
AEM,2024-12-31,1.02,2223.7
AEM,2024-09-30,1.13,2155.609
AEM,2024-06-30,0.95,2076.621
AEM,2024-03-31,0.7,1829.823
AEM,2023-12-31,-0.77,1756.64
AEM,2023-09-30,0.36,1642.411
AEM,2023-06-30,0.66,1718.197
AEM,2023-03-31,3.87,1509.661
AEM,2022-12-31,0.45,1384.719
AEM,2022-09-30,0.17,1449.697
AEM,2022-06-30,0.61,1581.058
AEM,2022-03-31,0.29,1325.688
AEM,2021-12-31,0.41,949.101
AEM,2021-09-30,0.47,974.065
AEM,2021-06-30,0.78,966.32
AEM,2021-03-31,0.56,934.392
AEM,2020-12-31,0.85,928.448
AEM,2020-09-30,0.92,980.612
AEM,2020-06-30,0.44,557.175
AEM,2020-03-31,-0.09,671.878
AEM,2019-12-31,1.39,753.099
AEM,2019-09-30,0.32,682.959
AEM,2019-06-30,0.12,526.611
AEM,2019-03-31,0.16,532.223
AEM,2018-12-31,-1.68,537.821
AEM,2018-09-30,0.07,518.683
AEM,2018-06-30,0.02,556.282
AEM,2018-03-31,0.19,578.435
AGI,2024-12-31,0.21,375.8
AGI,2024-09-30,0.2,360.9
AGI,2024-06-30,0.18,332.6
AGI,2024-03-31,0.11,277.6
AGI,2023-12-31,0.12,254.6
AGI,2023-09-30,0.1,256.2
AGI,2023-06-30,0.19,261.0
AGI,2023-03-31,0.12,251.5
AGI,2022-12-31,0.1,231.9
AGI,2022-09-30,-0.003573,213.6
AGI,2022-06-30,0.02,191.2
AGI,2022-03-31,-0.02,184.5
AGI,2021-12-31,0.07,203.1
AGI,2021-09-30,0.06,198.0
AGI,2021-06-30,-0.44,195.1
AGI,2021-03-31,0.13,227.4
AGI,2020-12-31,0.2,226.6
AGI,2020-09-30,0.17,218.4
AGI,2020-06-30,0.03,126.2
AGI,2020-03-31,-0.03,176.9
AGI,2019-12-31,0.1,186.0
AGI,2019-09-30,0.05,172.9
AGI,2019-06-30,0.06,168.1
AGI,2019-03-31,0.04,156.1
AGI,2018-12-31,-0.18,163.1
AGI,2018-09-30,0.02,146.7
AGI,2018-06-30,-0.02,168.9
AGI,2018-03-31,0.001541,173.1
AJG,2024-12-31,1.140775,2716.0
AJG,2024-09-30,1.43,2806.8
AJG,2024-06-30,1.3,2775.4
AJG,2024-03-31,2.8,3256.7
AJG,2023-12-31,-0.148849,2437.8
AJG,2023-09-30,1.3,2491.5
AJG,2023-06-30,1.09,2436.8
AJG,2023-03-31,2.29,2705.8
AJG,2022-12-31,0.640932,2018.2
AJG,2022-09-30,1.21,2045.3
AJG,2022-06-30,1.35,2040.2
AJG,2022-03-31,2.1,2433.9
AJG,2021-12-31,0.526475,1962.8
AJG,2021-09-30,1.09,2133.9
AJG,2021-06-30,0.94,1932.9
AJG,2021-03-31,1.96,2160.9
AJG,2020-12-31,0.737269,1714.0
AJG,2020-09-30,0.92,1845.7
AJG,2020-06-30,0.81,1583.0
AJG,2020-03-31,1.83,1866.7
AJG,2019-12-31,0.52574,1708.4
AJG,2019-09-30,0.68,1821.9
AJG,2019-06-30,0.59,1655.9
AJG,2019-03-31,1.81,1933.5
AJG,2018-12-31,0.638076,1657.4
AJG,2018-09-30,0.7,1778.5
AJG,2018-06-30,0.63,1660.4
AJG,2018-03-31,1.51,1837.7
AKRO,2024-12-31,-0.99,0.0
AKRO,2024-09-30,-1.05,0.0
AKRO,2024-06-30,-0.81,0.0
AKRO,2024-03-31,-0.9,0.0
AKRO,2023-12-31,-1.02,0.0
AKRO,2023-09-30,-0.71,0.0
AKRO,2023-06-30,-0.6,0.0
AKRO,2023-03-31,-0.55,0.0
AKRO,2022-12-31,-0.49,0.0
AKRO,2022-09-30,-0.92,0.0
AKRO,2022-06-30,-0.77,0.0
AKRO,2022-03-31,-0.74,0.0
AKRO,2021-12-31,-0.93,0.0
AKRO,2021-09-30,-0.7,0.0
AKRO,2021-06-30,-0.83,0.0
AKRO,2021-03-31,-0.43,0.0
AKRO,2020-12-31,-0.86,0.0
AKRO,2020-09-30,-0.63,0.0
AKRO,2020-06-30,-0.57,0.0
AKRO,2020-03-31,-0.42,0.0
AKRO,2019-12-31,-0.55,0.0
AKRO,2019-09-30,-0.56,0.0
AKRO,2019-06-30,-2.21,0.0
AKRO,2019-03-31,-0.25,0.0
AKRO,2018-12-31,0.047069,0.0
AKRO,2018-09-30,-0.537075,0.0
AKRO,2018-06-30,-0.411935,0.0
AKRO,2018-03-31,-0.019836,0.0
ALDX,2024-12-31,-0.27,0.0
ALDX,2024-09-30,-0.25,0.0
ALDX,2024-06-30,-0.28,0.0
ALDX,2024-03-31,-0.14,0.0
ALDX,2023-12-31,-0.08,0.0
ALDX,2023-09-30,-0.14,0.0
ALDX,2023-06-30,-0.15,0.0
ALDX,2023-03-31,-0.27,0.0
ALDX,2022-12-31,-0.22,0.0
ALDX,2022-09-30,-0.25,0.0
ALDX,2022-06-30,-0.3,0.0
ALDX,2022-03-31,-0.29,0.0
ALDX,2021-12-31,-0.27,0.0
ALDX,2021-09-30,-0.27,0.0
ALDX,2021-06-30,-0.28,0.0
ALDX,2021-03-31,-0.25,0.0
ALDX,2020-12-31,-0.3,0.0
ALDX,2020-09-30,-0.23,0.0
ALDX,2020-06-30,-0.25,0.0
ALDX,2020-03-31,-0.34,0.0
ALDX,2019-12-31,-0.47,0.0
ALDX,2019-09-30,-0.69,0.0
ALDX,2019-06-30,-0.49,0.0
ALDX,2019-03-31,-0.58,0.0
ALDX,2018-12-31,-0.39,0.0
ALDX,2018-09-30,-0.52,0.0
ALDX,2018-06-30,-0.46,0.0
ALDX,2018-03-31,-0.43,0.0
ALHC,2024-12-31,-0.16,701.241
ALHC,2024-09-30,-0.14,692.433
ALHC,2024-06-30,-0.13,681.286
ALHC,2024-03-31,-0.25,628.601
ALHC,2023-12-31,-0.25,465.387
ALHC,2023-09-30,-0.19,456.709
ALHC,2023-06-30,-0.15,462.379
ALHC,2023-03-31,-0.2,439.155
ALHC,2022-12-31,-0.31,361.811
ALHC,2022-09-30,-0.22,360.348
ALHC,2022-06-30,-0.06,366.474
ALHC,2022-03-31,-0.23,345.526
ALHC,2021-12-31,-0.27,298.274
ALHC,2021-09-30,-0.26,293.466
ALHC,2021-06-30,-0.25,308.951
ALHC,2021-03-31,-0.37,267.082
ALHC,2020-12-31,-0.17122,242.409
ALHC,2020-09-30,0.071293,247.867
ALHC,2020-06-30,0.054985,244.313
ALHC,2020-03-31,-0.066206,224.633
ALKS,2024-12-31,0.9,429.986
ALKS,2024-09-30,0.57,378.143
ALKS,2024-06-30,0.54,399.131
ALKS,2024-03-31,0.22,350.372
ALKS,2023-12-31,0.68,377.475
ALKS,2023-09-30,0.29,380.938
ALKS,2023-06-30,1.43,617.397
ALKS,2023-03-31,-0.25,287.595
ALKS,2022-12-31,-0.17,304.674
ALKS,2022-09-30,-0.39,252.357
ALKS,2022-06-30,-0.18,276.219
ALKS,2022-03-31,-0.22,278.545
ALKS,2021-12-31,0.01,324.463
ALKS,2021-09-30,-0.18,294.141
ALKS,2021-06-30,0.01,303.717
ALKS,2021-03-31,-0.14,251.43
ALKS,2020-12-31,-0.27,279.995
ALKS,2020-09-30,-0.000842,265.012
ALKS,2020-06-30,-0.19,247.529
ALKS,2020-03-31,-0.24,246.22
ALKS,2019-12-31,-0.03,412.73
ALKS,2019-09-30,-0.34,255.243
ALKS,2019-06-30,-0.27,279.872
ALKS,2019-03-31,-0.62,223.102
ALKS,2018-12-31,-0.06,315.762
ALKS,2018-09-30,-0.22,248.72
ALKS,2018-06-30,-0.21,304.642
ALKS,2018-03-31,-0.4,225.15
AON,2024-12-31,3.31,4147.0
AON,2024-09-30,1.58,3721.0
AON,2024-06-30,2.47,3760.0
AON,2024-03-31,5.38,4070.0
AON,2023-12-31,2.49,3375.0
AON,2023-09-30,2.25,2953.0
AON,2023-06-30,2.74,3177.0
AON,2023-03-31,5.09,3871.0
AON,2022-12-31,3.17,3130.0
AON,2022-09-30,1.93,2696.0
AON,2022-06-30,2.35,2983.0
AON,2022-03-31,4.75,3670.0
AON,2021-12-31,3.94,3080.0
AON,2021-09-30,-3.99,2702.0
AON,2021-06-30,1.67,2886.0
AON,2021-03-31,4.02,3525.0
AON,2020-12-31,2.29,2965.0
AON,2020-09-30,1.18,2385.0
AON,2020-06-30,1.71,2497.0
AON,2020-03-31,3.31,3219.0
AON,2019-12-31,1.59,2885.0
AON,2019-09-30,0.94,2379.0
AON,2019-06-30,1.15,2606.0
AON,2019-03-31,2.72,3143.0
AON,2018-12-31,1.42,2770.0
AON,2018-09-30,0.6,2349.0
AON,2018-06-30,0.2,2561.0
AON,2018-03-31,2.39,3090.0
ARIS,2024-12-31,0.17,118.609
ARIS,2024-09-30,0.23,112.312
ARIS,2024-06-30,0.18,101.117
ARIS,2024-03-31,0.23,103.406
ARIS,2023-12-31,0.17,104.125
ARIS,2023-09-30,0.17,99.789
ARIS,2023-06-30,0.15,96.633
ARIS,2023-03-31,0.11,91.571
ARIS,2022-12-31,0.06,82.87
ARIS,2022-09-30,0.02,90.776
ARIS,2022-06-30,0.06,76.386
ARIS,2022-03-31,-0.11,70.969
ARIS,2021-12-31,0.05,66.979
ARIS,2021-09-30,-1.068035,59.499
ARIS,2021-06-30,0.259,56.584
ARIS,2021-03-31,0.159887,46.189
ARIS,2020-12-31,-0.120397,44.924
ARIS,2020-09-30,-0.025439,42.456
ARIS,2020-06-30,-0.076374,37.645
ARQT,2024-12-31,-0.09,71.36
ARQT,2024-09-30,-0.33,44.755
ARQT,2024-06-30,-0.42,30.858
ARQT,2024-03-31,-0.32,49.569
ARQT,2023-12-31,-0.72,13.526
ARQT,2023-09-30,-0.73,38.109
ARQT,2023-06-30,-1.16,5.19
ARQT,2023-03-31,-1.31,2.781
ARQT,2022-12-31,-1.18,2.961
ARQT,2022-09-30,-1.89,0.725
ARQT,2022-06-30,-1.31,0.0
ARQT,2022-03-31,-1.27,0.0
ARQT,2021-12-31,-1.42,0.0
ARQT,2021-09-30,-1.14,0.0
ARQT,2021-06-30,-0.84,0.0
ARQT,2021-03-31,-0.76,0.0
ARQT,2020-12-31,-0.74,0.0
ARQT,2020-09-30,-1.01,0.0
ARQT,2020-06-30,-0.94,0.0
ARQT,2020-03-31,-1.15,0.0
ARQT,2019-12-31,-0.358426,0.0
ARQT,2019-09-30,-0.802863,0.0
ARQT,2019-06-30,-0.45965,0.0
ARQT,2019-03-31,-0.369162,0.0
ARQT,2018-12-31,-0.342935,0.0
ASA,2023-08-31,-0.406293,-7.600012
ATAT,2021-03-31,0.09,419.858
ATAT,2020-03-31,-0.690492,202.15
ATHM,2024-09-30,3.52,1774.532
ATHM,2024-06-30,4.2,1872.554
ATHM,2024-03-31,3.12,1609.065
ATHM,2023-12-31,3.56,1911.441
ATHM,2023-09-30,4.6,1906.031
ATHM,2023-06-30,4.0,1833.034
ATHM,2023-03-31,3.2,1533.629
ATHM,2022-12-31,4.72,1893.256
ATHM,2022-09-30,3.96,1843.287
ATHM,2022-06-30,3.4,1732.993
ATHM,2022-03-31,2.44,1471.292
ATHM,2021-12-31,2.04,1693.617
ATHM,2021-09-30,4.04,1763.763
ATHM,2021-06-30,5.92,1938.043
ATHM,2021-03-31,5.24,1841.581
ATHM,2020-12-31,9.58,2483.094
ATHM,2020-09-30,7.09,2315.568
ATHM,2020-06-30,6.92,2313.268
ATHM,2020-03-31,4.93,1546.629
ATHM,2019-12-31,9.32,2329.662
ATHM,2019-09-30,5.42,2170.199
ATHM,2019-06-30,6.77,2308.962
ATHM,2019-03-31,5.47,1611.928
ATHM,2018-12-31,8.6,2187.782
ATHM,2018-09-30,5.78,1888.432
ATHM,2018-06-30,5.89,1868.883
ATHM,2018-03-31,4.11,1288.054
ATSG,2024-12-31,0.23,516.791
ATSG,2024-09-30,-0.05,471.253
ATSG,2024-06-30,0.11,488.41
ATSG,2024-03-31,0.13,485.517
ATSG,2023-12-31,-0.24,517.04
ATSG,2023-09-30,0.26,523.137
ATSG,2023-06-30,0.54,529.339
ATSG,2023-03-31,0.28,501.095
ATSG,2022-12-31,0.58,533.025
ATSG,2022-09-30,0.69,516.916
ATSG,2022-06-30,0.74,509.668
ATSG,2022-03-31,0.67,485.86
ATSG,2021-12-31,0.6,482.367
ATSG,2021-09-30,0.88,465.955
ATSG,2021-06-30,1.17,409.872
ATSG,2021-03-31,0.71,376.088
ATSG,2020-12-31,0.04,399.358
ATSG,2020-09-30,-0.09,404.146
ATSG,2020-06-30,-1.77,377.794
ATSG,2020-03-31,2.33,389.277
ATSG,2019-12-31,-0.7,403.351
ATSG,2019-09-30,1.79,366.073
ATSG,2019-06-30,-0.45,334.576
ATSG,2019-03-31,0.39,348.183
ATSG,2018-12-31,-0.09,280.779
ATSG,2018-09-30,0.56,204.919
ATSG,2018-06-30,0.42,203.607
ATSG,2018-03-31,0.27,203.04
AUPH,2024-12-31,0.01,59.867
AUPH,2024-09-30,0.1,67.771
AUPH,2024-06-30,0.01,57.192
AUPH,2024-03-31,-0.07,50.303
AUPH,2023-12-31,-0.18,45.095
AUPH,2023-09-30,-0.09,54.515
AUPH,2023-06-30,-0.08,41.494
AUPH,2023-03-31,-0.18,34.409
AUPH,2022-12-31,-0.18,28.435
AUPH,2022-09-30,-0.06,55.779
AUPH,2022-06-30,-0.25,28.191
AUPH,2022-03-31,-0.27,21.625
AUPH,2021-12-31,-0.25,23.404
AUPH,2021-09-30,-0.39,14.667
AUPH,2021-06-30,-0.37,6.62
AUPH,2021-03-31,-0.4,0.914
AUPH,2020-12-31,-0.05,50.03
AUPH,2020-09-30,-0.28,0.029
AUPH,2020-06-30,-0.26,0.029
AUPH,2020-03-31,-0.15,0.03
AUPH,2019-12-31,-0.78,0.029
AUPH,2019-09-30,-0.21,0.23
AUPH,2019-06-30,-0.17,0.029
AUPH,2019-03-31,-0.14,0.03
AUPH,2018-12-31,-0.17,0.029
AUPH,2018-09-30,-0.21,0.375
AUPH,2018-06-30,-0.19,0.029
AUPH,2018-03-31,-0.18,0.03
AXSM,2024-12-31,-1.54,118.766
AXSM,2024-09-30,-1.34,104.762
AXSM,2024-06-30,-1.67,87.166
AXSM,2024-03-31,-1.44,74.999
AXSM,2023-12-31,-2.08,71.53
AXSM,2023-09-30,-1.32,57.794
AXSM,2023-06-30,-1.54,46.7
AXSM,2023-03-31,-0.26,94.576
AXSM,2022-12-31,-1.41,24.371528
AXSM,2022-09-30,-1.07,16.845792
AXSM,2022-06-30,-1.06,8.819786
AXSM,2022-03-31,-1.03,0.0
AXSM,2021-12-31,-0.9,0.0
AXSM,2021-09-30,-0.93,0.0
AXSM,2021-06-30,-0.86,0.0
AXSM,2021-03-31,-0.78,0.0
AXSM,2020-12-31,-0.78,0.0
AXSM,2020-09-30,-0.61,0.0
AXSM,2020-06-30,-0.49,0.0
AXSM,2020-03-31,-0.88,0.0
AXSM,2019-12-31,-0.71,0.0
AXSM,2019-09-30,-0.56,0.0
AXSM,2019-06-30,-0.41,0.0
AXSM,2019-03-31,-0.32,0.0
AXSM,2018-12-31,-0.32,0.0
AXSM,2018-09-30,-0.31,0.0
AXSM,2018-06-30,-0.32,0.0
AXSM,2018-03-31,-0.19,0.0
AXS,2024-12-31,3.43,1578.428
AXS,2024-09-30,2.06,1519.96
AXS,2024-06-30,2.42,1470.847
AXS,2024-03-31,4.57,1443.445
AXS,2023-12-31,-1.76,1412.502
AXS,2023-09-30,2.12,1485.106
AXS,2023-06-30,1.68,1353.27
AXS,2023-03-31,2.03,1338.458
AXS,2022-12-31,0.48,1370.006
AXS,2022-09-30,-0.2,1366.547
AXS,2022-06-30,0.32,1262.127
AXS,2022-03-31,1.67,1306.129
AXS,2021-12-31,2.33,1388.613
AXS,2021-09-30,0.56,1365.71
AXS,2021-06-30,2.69,1320.971
AXS,2021-03-31,1.37,1246.111
AXS,2020-12-31,-0.06,1202.924
AXS,2020-09-30,-0.87,1185.824
AXS,2020-06-30,1.33,1180.612
AXS,2020-03-31,-2.2,1191.844
AXS,2019-12-31,-0.12,1284.553
AXS,2019-09-30,0.33,1348.673
AXS,2019-06-30,1.98,1298.087
AXS,2019-03-31,1.17,1254.155
AXS,2018-12-31,-2.37,1277.971
AXS,2018-09-30,0.52,1321.038
AXS,2018-06-30,1.11,1298.244
AXS,2018-03-31,0.75,1222.317
BABA,2024-12-31,21.04,280154.0
BABA,2024-09-30,18.56,236503.0
BABA,2024-06-30,10.08,243236.0
BABA,2024-03-31,1.36,221874.0
BABA,2023-12-31,5.76,260348.0
BABA,2023-09-30,10.88,224790.0
BABA,2023-06-30,13.44,234156.0
BABA,2023-03-31,9.12,208200.0
BABA,2022-12-31,18.0,247756.0
BABA,2022-09-30,-7.76,207176.0
BABA,2022-06-30,8.56,205555.0
BABA,2022-03-31,-6.08,204052.0
BABA,2021-12-31,7.6,242580.0
BABA,2021-09-30,2.0,200690.0
BABA,2021-06-30,16.64,205740.0
BABA,2021-03-31,-2.0,187395.0
BABA,2020-12-31,29.36,221084.0
BABA,2020-09-30,10.64,155059.0
BABA,2020-06-30,17.68,153751.0
BABA,2020-03-31,1.2,114314.0
BABA,2019-12-31,19.84,161456.0
BABA,2019-09-30,27.92,119017.0
BABA,2019-06-30,8.18,114924.0
BABA,2019-03-31,10.02,93498.0
BABA,2018-12-31,12.83,117278.0
BABA,2018-09-30,7.75,85148.0
BABA,2018-06-30,3.36,80920.0
BABA,2018-03-31,2.95,61932.0
BAFN,2024-09-30,0.18,19.765
BAFN,2024-06-30,0.12,18.877
BAFN,2024-03-31,0.11,21.291
BAFN,2023-12-31,0.32,20.84
BAFN,2023-09-30,0.42,21.091
BAFN,2023-06-30,0.29,19.824
BAFN,2023-03-31,0.13,17.006
BAFN,2022-12-31,0.28,15.753
BAFN,2022-09-30,-0.4,17.906
BAFN,2022-06-30,-0.12,23.928
BAFN,2022-03-31,-0.05,23.602
BAFN,2021-12-31,0.66,29.715
BAFN,2021-09-30,0.27,27.885
BAFN,2021-06-30,3.304745,40.107114
BAFN,2021-03-31,1.9517,32.438258
BAFN,2020-12-31,1.520644,30.849556
BAFN,2020-09-30,1.449511,29.599387
BBVA,2024-12-31,0.4,9320.0
BBVA,2024-09-30,0.44,8717.0
BBVA,2024-06-30,0.47,10142.0
BBVA,2024-03-31,0.36,8219.0
BBVA,2023-12-31,0.33,7438.0
BBVA,2023-09-30,0.34,9246.0
BBVA,2023-06-30,0.33,8038.0
BBVA,2023-03-31,0.29,8040.0
BBVA,2022-12-31,0.24,6524.0
BBVA,2022-09-30,0.29,7642.0
BBVA,2022-06-30,0.21,7004.0
BBVA,2022-03-31,0.24,6296.0
BBVA,2021-12-31,0.2,5476.0
BBVA,2021-09-30,0.2,5722.0
BBVA,2021-06-30,0.09,5793.0
BBVA,2021-03-31,0.17,5477.0
BBVA,2020-12-31,0.18,4694.0
BBVA,2020-09-30,0.16,5662.0
BBVA,2020-06-30,0.09,6391.0
BBVA,2020-03-31,-0.29,6483.0
BBVA,2019-12-31,-0.04,6489.0
BBVA,2019-09-30,0.17,6134.0
BBVA,2019-06-30,0.17,5916.0
BBVA,2019-03-31,0.16,6068.0
BBVA,2018-12-31,0.14,6234.0
BBVA,2018-09-30,0.24,5628.0
BBVA,2018-06-30,0.17,5837.0
BBVA,2018-03-31,0.19,6088.0
BCS,2024-12-31,0.268,6406.0
BCS,2024-09-30,0.428,6547.0
BCS,2024-06-30,0.332,6324.0
BCS,2024-03-31,0.412,6953.0
BCS,2023-12-31,-0.02,5604.0
BCS,2023-09-30,0.332,6258.0
BCS,2023-06-30,0.344,6285.0
BCS,2023-03-31,0.452,7237.0
BCS,2022-12-31,0.264,5792.0
BCS,2022-09-30,0.376,5951.0
BCS,2022-06-30,0.256,6708.0
BCS,2022-03-31,0.336,6496.0
BCS,2021-12-31,0.268,5174.0
BCS,2021-09-30,0.34,5465.0
BCS,2021-06-30,0.496058,5415.0
BCS,2021-03-31,0.396,5900.0
BCS,2020-12-31,0.048,4790.0
BCS,2020-09-30,0.14,5204.0
BCS,2020-06-30,0.02,5338.0
BCS,2020-03-31,0.14,6283.0
BCS,2019-12-31,0.156,5294.0
BCS,2019-09-30,-0.068,5541.0
BCS,2019-06-30,0.24,5538.0
BCS,2019-03-31,0.244,5252.0
BCS,2018-12-31,0.0,5069.0
BCS,2018-09-30,0.244,6916.0
BCS,2018-06-30,0.3,3789.0
BCS,2018-03-31,-0.168,5358.0
BECN,2024-12-31,1.35,2403.6
BECN,2024-09-30,2.34,2772.6
BECN,2024-06-30,2.03,2674.6
BECN,2024-03-31,0.09,1912.4
BECN,2023-12-31,1.5,2299.5
BECN,2023-09-30,-4.16,2584.3
BECN,2023-06-30,2.02,2503.7
BECN,2023-03-31,0.25,1732.3
BECN,2022-12-31,0.9,1969.4
BECN,2022-09-30,1.99,2415.2
BECN,2022-06-30,2.17,2358.2
BECN,2022-03-31,0.62,1686.9
BECN,2021-12-31,0.78,1754.9
BECN,2021-09-30,1.24,1875.4
BECN,2021-06-30,0.89,1872.1
BECN,2021-03-31,-0.18,1318.0
BECN,2020-12-31,-3.27,1576.5
BECN,2020-09-30,0.84,2017.797
BECN,2020-06-30,-0.18,1792.505
BECN,2020-03-31,-1.87,1458.486
BECN,2019-12-31,-0.43,1675.112
BECN,2019-09-30,0.27,2029.913
BECN,2019-06-30,0.32,1924.534
BECN,2019-03-31,-1.08,1429.037
BECN,2018-12-31,-0.1,1721.676
BECN,2018-09-30,0.54,1935.756
BECN,2018-06-30,0.56,1934.951
BECN,2018-03-31,-1.07,1425.625
BEKE,2024-09-30,1.05,22584.647
BEKE,2024-06-30,1.68,23370.43
BEKE,2024-03-31,0.39,11227.314
BEKE,2023-12-31,0.57,20204.226
BEKE,2023-09-30,0.99,17810.705
BEKE,2023-06-30,1.11,19483.921
BEKE,2023-03-31,2.31,20278.08
BEKE,2022-12-31,0.33,16747.14
BEKE,2022-09-30,0.6,17596.582
BEKE,2022-06-30,-1.56,13777.09
BEKE,2022-03-31,-0.51,12547.967
BEKE,2021-12-31,-0.78,17785.721
BEKE,2021-09-30,-1.5,18096.14
BEKE,2021-06-30,0.96,24173.529
BEKE,2021-03-31,0.888898,20697.049
BEKE,2020-12-31,0.96,22670.645
BEKE,2020-09-30,-0.33,20548.915
BEKE,2020-06-30,0.933855,20141.659
BEKE,2020-03-31,-1.616076,7119.759
BEKE,2019-12-31,-1.540981,14381.542
BEKE,2019-09-30,-0.064396,12022.659
BEKE,2019-06-30,-0.032163,11450.948
BEKE,2019-03-31,-0.198497,8159.757
BJ,2024-10-31,1.18,5099.364
BJ,2024-07-31,1.09,5205.395
BJ,2024-04-30,0.84,4918.519
BJ,2024-01-31,1.1,5357.284
BJ,2023-10-31,0.98,4924.723
BJ,2023-07-31,0.99,4963.54
BJ,2023-04-30,0.87,4723.142
BJ,2023-01-31,0.97,4929.595
BJ,2022-10-31,0.97,4785.319
BJ,2022-07-31,1.05,5103.816
BJ,2022-04-30,0.84,4496.435
BJ,2022-01-31,0.78,4357.838
BJ,2021-10-31,0.93,4264.087
BJ,2021-07-31,0.82,4177.155
BJ,2021-04-30,0.59,3868.222
BJ,2021-01-31,0.71,3946.613
BJ,2020-10-31,0.9,3731.669
BJ,2020-07-31,0.78,3954.13
BJ,2020-04-30,0.7,3797.605
BJ,2020-01-31,0.31,3472.325
BJ,2019-10-31,0.41,3229.404
BJ,2019-07-31,0.4,3345.842
BJ,2019-04-30,0.26,3143.136
BJ,2019-01-31,0.47,3416.882
BJ,2018-10-31,0.4,3221.663
BJ,2018-07-31,-0.05,3307.105
BJ,2018-04-30,0.21,3061.697
BMY,2024-12-31,0.04,12342.0
BMY,2024-09-30,0.6,11892.0
BMY,2024-06-30,0.83,12201.0
BMY,2024-03-31,-5.89,11865.0
BMY,2023-12-31,0.87,11477.0
BMY,2023-09-30,0.94,10966.0
BMY,2023-06-30,0.99,11226.0
BMY,2023-03-31,1.08,11337.0
BMY,2022-12-31,0.96,11406.0
BMY,2022-09-30,0.75,11218.0
BMY,2022-06-30,0.67,11887.0
BMY,2022-03-31,0.6,11648.0
BMY,2021-12-31,1.101719,11985.0
BMY,2021-09-30,0.7,11624.0
BMY,2021-06-30,0.47,11703.0
BMY,2021-03-31,0.9,11073.0
BMY,2020-12-31,-4.45,11068.0
BMY,2020-09-30,0.83,10540.0
BMY,2020-06-30,-0.04,10129.0
BMY,2020-03-31,-0.34,10781.0
BMY,2019-12-31,-0.55,7945.0
BMY,2019-09-30,0.83,6007.0
BMY,2019-06-30,0.88,6273.0
BMY,2019-03-31,1.05,5920.0
BMY,2018-12-31,0.73,5973.0
BMY,2018-09-30,1.16,5691.0
BMY,2018-06-30,0.23,5704.0
BMY,2018-03-31,0.91,5193.0
BRO,2024-12-31,0.73,1089.0
BRO,2024-09-30,0.82,1186.0
BRO,2024-06-30,0.9,1154.0
BRO,2024-03-31,1.03,1237.0
BRO,2023-12-31,0.94,972.4
BRO,2023-09-30,0.62,1065.9
BRO,2023-06-30,0.67,1046.2
BRO,2023-03-31,0.83,1108.0
BRO,2022-12-31,0.51,893.2
BRO,2022-09-30,0.57,926.4
BRO,2022-06-30,0.51,839.1
BRO,2022-03-31,0.78,904.5
BRO,2021-12-31,0.36,737.912
BRO,2021-09-30,0.52,769.654
BRO,2021-06-30,0.49,725.919
BRO,2021-03-31,0.71,814.037
BRO,2020-12-31,0.34,640.052
BRO,2020-09-30,0.47,671.396
BRO,2020-06-30,0.34,598.157
BRO,2020-03-31,0.54,696.503
BRO,2019-12-31,0.27,576.979
BRO,2019-09-30,0.41,617.363
BRO,2019-06-30,0.33,572.932
BRO,2019-03-31,0.41,617.463
BRO,2018-12-31,0.26,507.638
BRO,2018-09-30,0.38,529.813
BRO,2018-06-30,0.27,472.068
BRO,2018-03-31,0.33,500.338
BWAY,2024-09-30,0.04,10.502
BWAY,2024-06-30,0.04,10.005
BWAY,2024-03-31,0.006672,9.095
BWAY,2023-12-31,0.007641,9.029
BWAY,2023-09-30,-0.02,8.302
BWAY,2023-06-30,-0.1,7.829
BWAY,2023-03-31,-0.14,6.625
BWAY,2022-12-31,-0.24,6.033
BWAY,2022-09-30,-0.3,5.168
BWAY,2022-06-30,-0.14,8.006
BWAY,2022-03-31,-0.12,7.97
BWAY,2021-12-31,-0.08,8.47
BWAY,2021-09-30,-0.1,8.061
BWAY,2021-06-30,-0.12,7.005
BWAY,2021-03-31,-0.22,6.121
BWAY,2020-12-31,-0.04,7.066
BWAY,2020-09-30,-0.08,6.014
BWAY,2020-06-30,-0.06,4.82
BWAY,2020-03-31,-0.3,4.157
BWAY,2019-12-31,-0.2,6.292
BWAY,2019-09-30,-0.24,5.932
BWAY,2019-06-30,-0.34,5.695
BWAY,2019-03-31,-0.22,5.182
BWAY,2018-12-31,-0.28,4.772
BWAY,2018-09-30,-0.18,4.295
BWAY,2018-06-30,-0.24,3.726
BWAY,2018-03-31,-0.12,3.605
CDXC,2024-12-31,0.09,29.125
CDXC,2024-09-30,0.02,25.58
CDXC,2024-06-30,-0.000199,22.739
CDXC,2024-03-31,-0.01,22.153
CDXC,2023-12-31,0.0,21.196
CDXC,2023-09-30,-0.01,19.495
CDXC,2023-06-30,-0.03,20.323
CDXC,2023-03-31,-0.03,22.556
CDXC,2022-12-31,-0.02,20.996
CDXC,2022-09-30,-0.01,17.063
CDXC,2022-06-30,-0.09,16.732
CDXC,2022-03-31,-0.11,17.259
CDXC,2021-12-31,-0.08,17.759
CDXC,2021-09-30,-0.13,17.308
CDXC,2021-06-30,-0.08,17.699
CDXC,2021-03-31,-0.12,14.683
CDXC,2020-12-31,-0.1,15.445
CDXC,2020-09-30,-0.07,14.18
CDXC,2020-06-30,-0.06,15.287
CDXC,2020-03-31,-0.1,14.345
CDXC,2019-12-31,-0.15,13.089
CDXC,2019-09-30,-0.12,12.053
CDXC,2019-06-30,-0.14,11.101
CDXC,2019-03-31,-0.15,10.048
CDXC,2018-12-31,-0.15,9.067
CDXC,2018-09-30,-0.16,8.12
CDXC,2018-06-30,-0.15,7.803
CDXC,2018-03-31,-0.15,6.567
CENX,2024-12-31,0.46,630.9
CENX,2024-09-30,0.48,539.1
CENX,2024-06-30,-0.03,560.8
CENX,2024-03-31,2.52,489.5
CENX,2023-12-31,0.31,512.3
CENX,2023-09-30,-0.45,545.2
CENX,2023-06-30,0.08,575.5
CENX,2023-03-31,-0.42,552.4
CENX,2022-12-31,-1.24,529.9
CENX,2022-09-30,0.46,637.2
CENX,2022-06-30,0.38,856.6
CENX,2022-03-31,0.18,753.6
CENX,2021-12-31,0.62,659.1
CENX,2021-09-30,-0.58,581.4
CENX,2021-06-30,-0.39,528.0
CENX,2021-03-31,-1.55,444.0
CENX,2020-12-31,-0.4,389.1
CENX,2020-09-30,-0.65,392.9
CENX,2020-06-30,-0.3,401.9
CENX,2020-03-31,-0.03,421.2
CENX,2019-12-31,-0.05,435.4
CENX,2019-09-30,-0.23,438.0
CENX,2019-06-30,-0.23,473.1
CENX,2019-03-31,-0.39,490.0
CENX,2018-12-31,-0.75,486.9
CENX,2018-09-30,-0.23,481.8
CENX,2018-06-30,0.2,470.0
CENX,2018-03-31,-0.003425,454.5
CHKP,2024-09-30,1.87,635.1
CHKP,2024-06-30,1.78,627.4
CHKP,2024-03-31,1.64,598.8
CHKP,2023-12-31,2.19,663.5
CHKP,2023-09-30,1.77,596.3
CHKP,2023-06-30,1.71,588.7
CHKP,2023-03-31,1.54,566.2
CHKP,2022-12-31,2.22,638.5
CHKP,2022-09-30,1.48,577.6
CHKP,2022-06-30,1.37,571.1
CHKP,2022-03-31,1.32,542.7
CHKP,2021-12-31,1.99,599.1
CHKP,2021-09-30,1.41,534.0
CHKP,2021-06-30,1.39,526.1
CHKP,2021-03-31,1.35,507.6
CHKP,2020-12-31,1.98,563.8
CHKP,2020-09-30,1.44,509.0
CHKP,2020-06-30,1.39,505.6
CHKP,2020-03-31,1.24,486.5
CHKP,2019-12-31,1.86,543.948
CHKP,2019-09-30,1.26,490.908
CHKP,2019-06-30,1.22,488.116
CHKP,2019-03-31,1.17,471.828
CHKP,2018-12-31,1.53,525.556
CHKP,2018-09-30,1.27,470.823
CHKP,2018-06-30,1.26,467.77
CHKP,2018-03-31,1.18,452.326
CMRX,2024-09-30,-0.26,0.026
CMRX,2024-06-30,-0.23,0.129
CMRX,2024-03-31,-0.25,0.0
CMRX,2023-12-31,-0.21,0.004
CMRX,2023-09-30,-0.27,0.011
CMRX,2023-06-30,-0.21,0.026
CMRX,2023-03-31,-0.24,0.283
CMRX,2022-12-31,-0.24,0.814
CMRX,2022-09-30,2.75,32.555
CMRX,2022-06-30,-0.27,0.44
CMRX,2022-03-31,-0.28,0.015
CMRX,2021-12-31,-0.45,0.046
CMRX,2021-09-30,-0.21,0.107
CMRX,2021-06-30,-0.21,0.391
CMRX,2021-03-31,-1.21,1.435
CMRX,2020-12-31,-0.19,1.12
CMRX,2020-09-30,-0.18,1.609
CMRX,2020-06-30,-0.16,1.402
CMRX,2020-03-31,-0.17,1.241
CMRX,2019-12-31,-0.06,6.767
CMRX,2019-09-30,-1.26,1.958
CMRX,2019-06-30,-0.35,1.438
CMRX,2019-03-31,-0.35,2.356
CMRX,2018-12-31,-0.29,4.864
CMRX,2018-09-30,-0.33,0.369
CMRX,2018-06-30,-0.39,1.193
CMRX,2018-03-31,-0.42,0.79
CMRX,2017-12-31,-0.41,1.844
CNL,2024-09-30,-0.09,0.0
CNL,2024-06-30,-0.09,0.0
CNL,2024-03-31,-0.07,0.0
CNL,2023-12-31,-0.09,0.0
CNL,2023-09-30,-0.06,0.0
CNL,2023-06-30,-0.1,0.0
CNL,2023-03-31,-0.07,0.0
CNL,2022-12-31,-0.09,0.0
CNL,2022-09-30,-0.09,0.0
CNL,2022-06-30,-0.09,0.0
CNL,2022-03-31,-0.08,0.0
CNL,2021-12-31,-0.05,0.0
CNL,2021-09-30,0.002943,0.0
CNL,2021-06-30,-0.38,0.0
CNL,2021-03-31,-0.051747,0.0
CNL,2020-12-31,-0.019456,0.0
CNL,2020-09-30,-0.009058,0.0
CNL,2020-06-30,-0.013538,0.0
CNTA,2024-09-30,-0.37,0.0
CNTA,2024-06-30,-0.4,0.0
CNTA,2024-03-31,-0.38,0.0
CNTA,2023-12-31,-0.37,6.853
CNTA,2023-09-30,-0.4,0.0
CNTA,2023-06-30,-0.26,0.0
CNTA,2023-03-31,-0.53,0.0
CNTA,2022-12-31,-0.45,0.0
CNTA,2022-09-30,-0.57,0.0
CNTA,2022-06-30,-0.69,0.0
CNTA,2022-03-31,-0.6,0.0
CNTA,2021-09-30,-0.45,0.0
CNTA,2021-06-30,-0.65,0.0
COMP,2024-12-31,-0.08,1380.4
COMP,2024-09-30,-0.00336,1494.0
COMP,2024-06-30,0.04,1700.6
COMP,2024-03-31,-0.27,1054.1
COMP,2023-12-31,-0.17,1096.4
COMP,2023-09-30,-0.08,1337.4
COMP,2023-06-30,-0.1,1494.0
COMP,2023-03-31,-0.33,957.2
COMP,2022-12-31,-0.36,1107.2
COMP,2022-09-30,-0.36,1493.7
COMP,2022-06-30,-0.24,2020.1
COMP,2022-03-31,-0.45,1397.0
COMP,2021-12-31,-0.43,1612.1
COMP,2021-09-30,-0.25,1743.6
COMP,2021-06-30,-0.02,1951.4
COMP,2021-03-31,-0.533768,1113.9
COMP,2020-12-31,-0.100019,1230.3
COMP,2020-09-30,-0.038058,1188.5
COMP,2020-06-30,-0.237371,682.1
COMP,2020-03-31,-0.3741,619.9
CPIX,2024-12-31,-0.14,10.435569
CPIX,2024-09-30,-0.11,9.085826
CPIX,2024-06-30,-0.08,9.848849
CPIX,2024-03-31,-0.14,8.497701
CPIX,2023-12-31,-0.44,9.353066
CPIX,2023-09-30,-0.07,10.085926
CPIX,2023-06-30,0.06,10.888877
CPIX,2023-03-31,0.01,9.224638
CPIX,2022-12-31,-0.17,9.12368
CPIX,2022-09-30,-0.03,11.413072
CPIX,2022-06-30,-0.09,10.299152
CPIX,2022-03-31,-0.09,11.175045
CPIX,2021-12-31,-0.26,8.319861
CPIX,2021-09-30,-0.07,8.07254
CPIX,2021-06-30,0.08,9.055483
CPIX,2021-03-31,0.01,10.537159
CPIX,2020-12-31,-0.06,10.261534
CPIX,2020-09-30,-0.03,9.250689
CPIX,2020-06-30,-0.06,9.598177
CPIX,2020-03-31,-0.07,8.330734
CPIX,2019-12-31,-0.06,13.678372
CPIX,2019-09-30,-0.13,10.371918
CPIX,2019-06-30,-0.04,11.5806
CPIX,2019-03-31,-0.004775,11.902747
CPIX,2018-12-31,-0.14,13.497906
CPIX,2018-09-30,-0.11,8.49253
CPIX,2018-06-30,-0.05,10.163724
CPIX,2018-03-31,-0.15,8.587605
CQP,2024-12-31,1.05,2460.0
CQP,2024-09-30,1.08,2055.0
CQP,2024-06-30,0.95,1894.0
CQP,2024-03-31,1.18,2295.0
CQP,2023-12-31,1.42,2686.0
CQP,2023-09-30,1.19,2128.0
CQP,2023-06-30,0.84,1933.0
CQP,2023-03-31,3.5,2917.0
CQP,2022-12-31,4.63,4721.0
CQP,2022-09-30,-1.49,4976.0
CQP,2022-06-30,0.25,4181.0
CQP,2022-03-31,-0.11,3328.0
CQP,2021-12-31,0.93,3258.0
CQP,2021-09-30,0.69,2324.0
CQP,2021-06-30,0.73,1889.0
CQP,2021-03-31,0.64,1963.0
CQP,2020-12-31,0.77,1997.0
CQP,2020-09-30,-0.08,982.0
CQP,2020-06-30,0.78,1470.0
CQP,2020-03-31,0.84,1718.0
CQP,2019-12-31,0.87,1908.0
CQP,2019-09-30,0.19,1476.0
CQP,2019-06-30,0.44,1705.0
CQP,2019-03-31,0.75,1749.0
CQP,2018-12-31,0.69,1897.0
CQP,2018-09-30,0.6,1529.0
CQP,2018-06-30,0.55,1407.0
CQP,2018-03-31,0.67,1593.0
CSGS,2024-12-31,1.23,316.652
CSGS,2024-09-30,0.67,295.143
CSGS,2024-06-30,0.48,290.318
CSGS,2024-03-31,0.68,295.135
CSGS,2023-12-31,0.44,297.324
CSGS,2023-09-30,0.62,286.868
CSGS,2023-06-30,0.46,286.327
CSGS,2023-03-31,0.69,298.739
CSGS,2022-12-31,0.66,289.876
CSGS,2022-09-30,0.4,273.308
CSGS,2022-06-30,0.17,262.168
CSGS,2022-03-31,0.19,264.4
CSGS,2021-12-31,0.55,275.025
CSGS,2021-09-30,0.51,263.209
CSGS,2021-06-30,0.61,255.134
CSGS,2021-03-31,0.62,253.119
CSGS,2020-12-31,0.42,260.487
CSGS,2020-09-30,0.42,244.108
CSGS,2020-06-30,0.32,240.321
CSGS,2020-03-31,0.67,245.617
CSGS,2019-12-31,0.71,254.747
CSGS,2019-09-30,0.67,251.414
CSGS,2019-06-30,0.6,245.856
CSGS,2019-03-31,0.6,244.793
CSGS,2018-12-31,0.65,247.267
CSGS,2018-09-30,0.5,213.055
CSGS,2018-06-30,0.46,213.033
CSGS,2018-03-31,0.43,201.704
CXDO,2024-12-31,0.02,16.24
CXDO,2024-09-30,0.01,15.627
CXDO,2024-06-30,0.02,14.685
CXDO,2024-03-31,0.02,14.286
CXDO,2023-12-31,0.01,14.164
CXDO,2023-09-30,0.07,13.874
CXDO,2023-06-30,-0.02,12.67
CXDO,2023-03-31,-0.06,12.491
CXDO,2022-12-31,-1.41,11.442
CXDO,2022-09-30,-0.03,9.108
CXDO,2022-06-30,-0.04,8.846
CXDO,2022-03-31,-0.05,8.158
CXDO,2021-12-31,-0.03,8.996
CXDO,2021-09-30,-0.01,8.81
CXDO,2021-06-30,-0.05,5.779
CXDO,2021-03-31,-0.04,4.507
CXDO,2020-12-31,0.45,4.323
CXDO,2020-09-30,0.01,4.143
CXDO,2020-06-30,0.03,4.054
CXDO,2020-03-31,0.01,3.867
CXDO,2019-12-31,0.02,3.728
CXDO,2019-09-30,0.02,3.602
CXDO,2019-06-30,0.02,3.614
CXDO,2019-03-31,0.02,3.492
CXDO,2018-12-31,-0.000556,3.097
CXDO,2018-09-30,-0.01,3.026
CXDO,2018-06-30,0.003287,2.977
CXDO,2018-03-31,-0.004409,2.808
CYD,2020-06-30,5.99,6549.641
CYD,2020-03-31,1.49,3409.306
CYD,2019-12-31,5.13,5682.959
CYD,2019-09-30,1.23,3308.171
CYD,2019-06-30,3.6,4861.675
CYD,2019-03-31,4.85,4163.28
CYD,2018-12-31,4.69,4532.178
CYD,2018-09-30,3.15,3189.426
CYD,2018-06-30,3.23,4204.55
CYD,2018-03-31,5.94,4337.094
DALN,2024-09-30,-0.73,31.14
DALN,2024-06-30,0.27,32.061
DALN,2024-03-31,-0.25,31.102
DALN,2023-12-31,-0.41,33.983
DALN,2023-09-30,-0.26,34.499
DALN,2023-06-30,-0.16,36.012
DALN,2023-03-31,-0.49,35.202
DALN,2022-12-31,-0.4,39.103
DALN,2022-09-30,-0.48,37.688
DALN,2022-06-30,-0.45,37.573
DALN,2022-03-31,-0.49,36.287
DALN,2021-12-31,0.4,40.58
DALN,2021-09-30,0.3,38.311
DALN,2021-06-30,-0.28,38.668
DALN,2021-03-31,-0.52,36.815
DALN,2020-12-31,-0.32,40.799
DALN,2020-09-30,-0.018309,37.742
DALN,2020-06-30,-0.64,35.415
DALN,2020-03-31,-0.32,40.343
DALN,2019-12-31,-0.2,46.802
DALN,2019-09-30,-0.76,43.057
DALN,2019-06-30,3.12,47.735
DALN,2019-03-31,-0.56,46.589
DALN,2018-12-31,0.04,52.613
DALN,2018-09-30,-0.2,49.052
DALN,2018-06-30,-0.12,51.169
DALN,2018-03-31,-0.76,49.453
DALN,2017-12-31,1.266659,64.077
DB,2024-09-30,0.737544,7481.0
DB,2024-06-30,-0.28,7598.0
DB,2024-03-31,0.71,7773.0
DB,2023-12-31,0.645635,6638.0
DB,2023-09-30,0.498212,7155.0
DB,2023-06-30,0.367003,7399.0
DB,2023-03-31,0.63,7683.0
DB,2022-12-31,0.94,6091.0
DB,2022-09-30,0.535491,6824.0
DB,2022-06-30,0.502715,6580.0
DB,2022-03-31,0.57,7292.0
DB,2021-12-31,0.13,5846.0
DB,2021-09-30,0.15,6049.0
DB,2021-06-30,0.21,6164.0
DB,2021-03-31,0.58,7499.0
DB,2020-12-31,0.08,5413.0
DB,2020-09-30,0.14,5922.0
DB,2020-06-30,-0.15,6215.0
DB,2020-03-31,-0.01,6187.0
DB,2019-12-31,-0.72,5306.0
DB,2019-09-30,-0.41,5236.0
DB,2019-06-30,-1.66,6127.0
DB,2019-03-31,0.08,6274.0
DB,2018-12-31,-0.2,5552.0
DB,2018-09-30,0.1,6152.0
DB,2018-06-30,0.03,6516.0
DB,2018-03-31,0.06,6874.0
DE,2025-01-31,3.2,8262.0
DE,2024-10-31,4.57,10827.0
DE,2024-07-31,6.32,12848.0
DE,2024-04-30,8.56,14997.0
DE,2024-01-31,6.25,11846.0
DE,2023-10-31,8.3,15157.0
DE,2023-07-31,10.24,15537.0
DE,2023-04-30,9.69,17158.0
DE,2023-01-31,6.58,12396.0
DE,2022-10-31,7.48,15276.0
DE,2022-07-31,6.2,13846.0
DE,2022-04-30,6.85,12830.0
DE,2022-01-31,2.94,9331.0
DE,2021-10-31,4.15,11104.0
DE,2021-07-31,5.36,11238.0
DE,2021-04-30,5.72,11807.0
DE,2021-01-31,3.9,8885.0
DE,2020-10-31,2.41,9526.0
DE,2020-07-31,2.59,8697.0
DE,2020-04-30,2.13,9073.0
DE,2020-01-31,1.65,7426.0
DE,2019-10-31,2.3,9660.0
DE,2019-07-31,2.84,9853.0
DE,2019-04-30,3.57,11110.6
DE,2019-01-31,1.56,7755.8
DE,2018-10-31,2.45,9186.7
DE,2018-07-31,2.81,10072.8
DE,2018-04-30,3.73,10500.9
DRVN,2024-12-31,-1.91,564.117
DRVN,2024-09-30,-0.09,591.679
DRVN,2024-06-30,0.18,611.566
DRVN,2024-03-31,0.03,572.226
DRVN,2023-12-31,-0.08,553.677
DRVN,2023-09-30,-4.82,581.034
DRVN,2023-06-30,0.23,606.851
DRVN,2023-03-31,0.18,562.467
DRVN,2022-12-31,0.16,539.653
DRVN,2022-09-30,0.23,516.594
DRVN,2022-06-30,-0.34,508.624
DRVN,2022-03-31,0.21,468.323
DRVN,2021-12-31,-0.23,391.885
DRVN,2021-09-30,0.2,371.148
DRVN,2021-06-30,0.21,374.828
DRVN,2021-03-31,-0.13,329.42
DRVN,2020-12-31,-0.04405,288.508
DRVN,2020-09-30,0.024765,267.762
DRVN,2020-06-30,0.018566,167.823
DRVN,2020-03-31,-0.023362,180.107
DRVN,2019-12-31,-0.064317,182.7
DVAX,2024-12-31,0.06,72.032
DVAX,2024-09-30,0.13,80.63
DVAX,2024-06-30,0.09,73.795
DVAX,2024-03-31,-0.07,50.79
DVAX,2023-12-31,0.0,55.596
DVAX,2023-09-30,0.11,69.514
DVAX,2023-06-30,0.03,60.249
DVAX,2023-03-31,-0.19,46.925
DVAX,2022-12-31,0.53,184.492
DVAX,2022-09-30,0.5,167.735
DVAX,2022-06-30,1.02,256.464
DVAX,2022-03-31,0.26,113.992
DVAX,2021-12-31,0.8,195.07
DVAX,2021-09-30,-0.24,108.27
DVAX,2021-06-30,0.04,52.767
DVAX,2021-03-31,0.01,83.335
DVAX,2020-12-31,-0.14,19.55
DVAX,2020-09-30,0.04,13.414
DVAX,2020-06-30,-0.53,2.668
DVAX,2020-03-31,-0.15,10.919
DVAX,2019-12-31,-0.44,10.57
DVAX,2019-09-30,-0.49,10.575
DVAX,2019-06-30,-0.66,8.301
DVAX,2019-03-31,-0.62,5.773
DVAX,2018-12-31,-0.64,5.318
DVAX,2018-09-30,-0.65,1.461
DVAX,2018-06-30,-0.63,1.254
DVAX,2018-03-31,-0.63,0.165
EH,2024-09-30,-0.7,128.128
EH,2024-06-30,-1.08,102.019
EH,2024-03-31,-1.0,61.727
EH,2023-12-31,-1.137913,56.604
EH,2023-09-30,-1.08,28.615
EH,2023-06-30,-1.26,10.006
EH,2023-03-31,-1.48,22.201
EH,2022-12-31,-1.9,15.683
EH,2022-09-30,-1.32,8.226
EH,2022-06-30,-1.28,14.618
EH,2022-03-31,-1.2,5.79
EH,2021-12-31,-1.86,8.701
EH,2021-09-30,-1.3,12.965
EH,2021-06-30,-1.34,12.164
EH,2021-03-31,-1.12,22.977
EH,2020-12-31,-0.9,54.595
EH,2020-09-30,-0.004,70.98
EH,2020-06-30,-0.34,35.7
EH,2020-03-31,-0.36,18.818
EH,2019-12-31,-0.44,54.684
EH,2019-09-30,-0.39692,34.745
EH,2019-06-30,-0.346168,21.946
EH,2019-03-31,-0.466443,10.439
EH,2018-12-31,-0.603819,10.487
EH,2018-09-30,-0.483998,17.643
ENFN,2024-12-31,0.0,52.938
ENFN,2024-09-30,0.02,51.166
ENFN,2024-06-30,0.02,49.455
ENFN,2024-03-31,-0.01,48.052
ENFN,2023-12-31,0.01,46.486
ENFN,2023-09-30,0.02,44.357
ENFN,2023-06-30,0.01,42.721
ENFN,2023-03-31,0.04,40.971
ENFN,2022-12-31,0.01,40.517
ENFN,2022-09-30,0.02,39.151
ENFN,2022-06-30,-0.03,36.54
ENFN,2022-03-31,-0.1,34.141
ENFN,2021-12-31,-2.26,31.853
ENFN,2021-09-30,0.051399,29.045
ENFN,2021-06-30,0.066353,26.449
ENFN,2021-03-31,0.064136,24.353
ENFN,2020-12-31,-0.190223,22.66
ENFN,2020-09-30,0.087097,19.785
EQX,2024-09-30,0.000707,428.386
EQX,2024-06-30,0.72,269.434
EQX,2024-03-31,-0.13,241.318
EQX,2023-12-31,0.01,297.791
EQX,2023-09-30,0.01,284.747
EQX,2023-06-30,0.02,271.563
EQX,2023-03-31,0.06,234.09
EQX,2022-12-31,0.07,259.296
EQX,2022-09-30,-0.1,245.1
EQX,2022-06-30,-0.26,224.621
EQX,2022-03-31,-0.07,223.161
EQX,2021-12-31,0.62,381.231
EQX,2021-09-30,-0.02,245.129
EQX,2021-06-30,1.1,226.223
EQX,2021-03-31,0.21,229.702
EQX,2020-12-31,0.32,252.631
EQX,2020-09-30,0.05,244.454
EQX,2020-06-30,-0.26,215.387
EQX,2020-03-31,0.08,130.035
EQX,2019-12-31,-0.07,119.02
EQX,2019-09-30,0.07,91.896
EQX,2019-06-30,-0.1,35.396
EQX,2019-03-31,-0.05,35.385
EQX,2018-12-31,-0.1,30.159
EQX,2018-09-30,-0.1,0.0
EQX,2018-06-30,-0.3,0.0
EQX,2018-03-31,-0.05,6.107
ERJ,2024-09-30,0.96,1692.4
ERJ,2024-06-30,0.5412,1494.2
ERJ,2024-03-31,0.1564,896.6
ERJ,2023-12-31,1.04,1975.1
ERJ,2023-09-30,0.32,1284.4
ERJ,2023-06-30,-0.1024,1292.3
ERJ,2023-03-31,-0.4,716.7
ERJ,2022-12-31,0.1344,1991.6
ERJ,2022-09-30,-0.1644,929.0
ERJ,2022-06-30,0.404,1018.9
ERJ,2022-03-31,-0.1728,600.9
ERJ,2021-12-31,0.0116,1301.3
ERJ,2021-09-30,-0.2448,958.1
ERJ,2021-06-30,0.4784,1130.5
ERJ,2021-03-31,-0.488,807.3
ERJ,2020-12-31,-0.018,1841.4
ERJ,2020-09-30,-0.6584,758.7
ERJ,2020-06-30,-1.72,537.2
ERJ,2020-03-31,-1.5868,633.8
ERJ,2019-12-31,-1.1404,2085.0
ERJ,2019-09-30,-0.4196,1175.6
ERJ,2019-06-30,0.0392,1378.7
ERJ,2019-03-31,-0.222695,385.288879263119
ERJ,2018-12-31,-0.0872,1670.9
ERJ,2018-09-30,-0.116,1151.7
ERJ,2018-06-30,-0.69,1256.5
ERJ,2018-03-31,-0.0672,992.0
ESE,2024-12-31,0.91,247.026
ESE,2024-09-30,1.330462,298.533
ESE,2024-06-30,1.14,260.783
ESE,2024-03-31,0.9,249.129
ESE,2023-12-31,0.59,218.314
ESE,2023-09-30,1.240853,272.647
ESE,2023-06-30,1.08,248.749
ESE,2023-03-31,0.69,229.136
ESE,2022-12-31,0.57,205.501
ESE,2022-09-30,1.200646,256.498
ESE,2022-06-30,0.9,219.066
ESE,2022-03-31,0.64,204.928
ESE,2021-12-31,0.44,177.01
ESE,2021-09-30,0.78,205.478
ESE,2021-06-30,0.57,181.394
ESE,2021-03-31,0.63,166.644
ESE,2020-12-31,0.53,162.949
ESE,2020-09-30,-0.82,208.03
ESE,2020-06-30,0.72,172.665
ESE,2020-03-31,0.69,180.492
ESE,2019-12-31,3.34,171.728
ESE,2019-09-30,0.95,236.658
ESE,2019-06-30,0.77,199.766
ESE,2019-03-31,0.73,193.949
ESE,2018-12-31,0.67,182.597
ESE,2018-09-30,1.1,231.086
ESE,2018-06-30,0.73,192.223
ESE,2018-03-31,0.39,174.778
ESLT,2024-09-30,1.78,1717.547
ESLT,2024-06-30,1.76,1626.157
ESLT,2024-03-31,1.66,1553.951
ESLT,2023-12-31,0.68,1625.794
ESLT,2023-09-30,1.37,1501.567
ESLT,2023-06-30,1.41,1453.895
ESLT,2023-03-31,1.4,1393.488
ESLT,2022-12-31,1.92,1506.43
ESLT,2022-09-30,1.27,1348.94
ESLT,2022-06-30,1.83,1303.374
ESLT,2022-03-31,1.19,1352.806
ESLT,2021-12-31,0.19,1494.273
ESLT,2021-09-30,2.08,1363.596
ESLT,2021-06-30,2.3,1302.373
ESLT,2021-03-31,1.64,1118.279
ESLT,2020-12-31,1.53,1377.732
ESLT,2020-09-30,0.38,1134.169
ESLT,2020-06-30,2.02,1079.448
ESLT,2020-03-31,1.44,1071.223
ESLT,2019-12-31,1.17,1321.506
ESLT,2019-09-30,1.63,1101.19
ESLT,2019-06-30,1.23,1063.981
ESLT,2019-03-31,1.18,1021.723
ESLT,2018-12-31,0.03,1077.84
ESLT,2018-09-30,1.5,895.15
ESLT,2018-06-30,2.15,892.166
ESLT,2018-03-31,1.16,818.528
ETR,2024-12-31,0.67,2742.305
ETR,2024-09-30,1.505,3389.1
ETR,2024-06-30,0.115,2953.62
ETR,2024-03-31,0.175,2794.628
ETR,2023-12-31,2.33,2724.805
ETR,2023-09-30,1.575,3595.522
ETR,2023-06-30,0.925,2846.026
ETR,2023-03-31,0.735,2981.059
ETR,2022-12-31,0.255,3272.5
ETR,2022-09-30,1.38,4218.615
ETR,2022-06-30,0.395,3395.196
ETR,2022-03-31,0.68,2877.925
ETR,2021-12-31,0.64,2722.456
ETR,2021-09-30,1.32,3353.532
ETR,2021-06-30,-0.015,2822.07
ETR,2021-03-31,0.835,2844.838
ETR,2020-12-31,0.97,2370.102
ETR,2020-09-30,1.3,2903.568
ETR,2020-06-30,0.9,2412.788
ETR,2020-03-31,0.295,2427.179
ETR,2019-12-31,0.965,2462.306
ETR,2019-09-30,0.92,3140.575
ETR,2019-06-30,0.61,2666.209
ETR,2019-03-31,0.67,2609.584
ETR,2018-12-31,-0.18,2512.482
ETR,2018-09-30,1.48,3104.319
ETR,2018-06-30,0.68,2668.77
ETR,2018-03-31,0.365,2723.881
EXEL,2024-12-31,0.49,566.755
EXEL,2024-09-30,0.41,539.542
EXEL,2024-06-30,0.78,637.178
EXEL,2024-03-31,0.12,425.226
EXEL,2023-12-31,0.28,479.652
EXEL,2023-09-30,0.0033,471.92
EXEL,2023-06-30,0.25,469.848
EXEL,2023-03-31,0.12,408.788
EXEL,2022-12-31,-0.09,423.917
EXEL,2022-09-30,0.23,411.738
EXEL,2022-06-30,0.22,419.427
EXEL,2022-03-31,0.21,355.98
EXEL,2021-12-31,0.3,451.14
EXEL,2021-09-30,0.12,328.423
EXEL,2021-06-30,0.31,385.177
EXEL,2021-03-31,0.01,270.23
EXEL,2020-12-31,0.09,270.052
EXEL,2020-09-30,-0.1,231.092
EXEL,2020-06-30,0.22,259.479
EXEL,2020-03-31,0.16,226.915
EXEL,2019-12-31,0.23,240.31
EXEL,2019-09-30,0.32,271.703
EXEL,2019-06-30,0.26,240.275
EXEL,2019-03-31,0.25,215.487
EXEL,2018-12-31,1.2,228.602
EXEL,2018-09-30,0.42,225.397
EXEL,2018-06-30,0.29,186.108
EXEL,2018-03-31,0.39,212.346
EZPW,2024-12-31,0.57,320.17
EZPW,2024-09-30,0.28,294.551
EZPW,2024-06-30,0.33,281.421
EZPW,2024-03-31,0.39,285.639
EZPW,2023-12-31,0.52,299.991
EZPW,2023-09-30,0.18,270.479
EZPW,2023-06-30,0.33,255.812
EZPW,2023-03-31,-0.12,258.423
EZPW,2022-12-31,0.3,264.327
EZPW,2022-09-30,0.13,233.407
EZPW,2022-06-30,0.22,215.842
EZPW,2022-03-31,0.26,215.982
EZPW,2021-12-31,0.28,220.994
EZPW,2021-09-30,0.03,192.444
EZPW,2021-06-30,-0.05,174.033
EZPW,2021-03-31,0.1,184.939
EZPW,2020-12-31,0.08,178.135
EZPW,2020-09-30,-0.42,166.86
EZPW,2020-06-30,-0.1,210.233
EZPW,2020-03-31,-0.74,223.283
EZPW,2019-12-31,0.02,222.435
EZPW,2019-09-30,-0.01,214.339
EZPW,2019-06-30,0.06,202.465
EZPW,2019-03-31,0.06,214.73
EZPW,2018-12-31,-0.07,215.85
EZPW,2018-09-30,-0.002479,206.331
EZPW,2018-06-30,0.27,199.942
EZPW,2018-03-31,0.22,202.734
FNA,2024-12-31,-0.14,71.748
FNA,2024-09-30,-0.15,62.336
FNA,2024-06-30,-0.17,61.016
FNA,2024-03-31,-0.18,61.082
FNA,2023-12-31,-0.23,60.561
FNA,2023-09-30,-0.1,52.783
FNA,2023-06-30,-0.13,51.009
FNA,2023-03-31,-0.11,52.036
FNA,2022-12-31,-0.498428,51.508
FNA,2022-09-30,-0.13,46.006
FNA,2022-06-30,-0.13,42.498
FNA,2022-03-31,-0.12,41.371
FNA,2021-12-31,-0.080762,42.775
FNA,2021-09-30,-0.075542,35.851
FNA,2021-06-30,-0.031342,35.734
FNA,2021-03-31,-0.014798,33.104
FNA,2020-12-31,0.054764,35.057
FNA,2020-09-30,0.051629,30.268
FPH,2024-12-31,0.67,159.786
FPH,2024-09-30,0.07,17.013
FPH,2024-06-30,0.21,51.192
FPH,2024-03-31,0.03,9.935
FPH,2023-12-31,0.43,118.759
FPH,2023-09-30,0.1,65.923
FPH,2023-06-30,0.34,21.349
FPH,2023-03-31,-0.07,5.701
FPH,2022-12-31,0.16,16.999
FPH,2022-09-30,-0.06,15.416
FPH,2022-06-30,-0.07,5.393
FPH,2022-03-31,-0.25,4.886
FPH,2021-12-31,0.32,182.215
FPH,2021-09-30,-0.06,20.695
FPH,2021-06-30,-0.03,8.304
FPH,2021-03-31,-0.14,13.18
FPH,2020-12-31,0.01,111.715
FPH,2020-09-30,0.25,8.377
FPH,2020-06-30,0.1,24.307
FPH,2020-03-31,-0.36,9.22
FPH,2019-12-31,0.09,146.906
FPH,2019-09-30,-0.16,12.014
FPH,2019-06-30,-0.16,12.387
FPH,2019-03-31,0.35,13.073
FPH,2018-12-31,-0.22,7.945
FPH,2018-09-30,-0.15,12.988
FPH,2018-06-30,-0.08,13.09
FPH,2018-03-31,-0.08,14.967
FRAF,2024-09-30,0.96,19.198
FRAF,2024-06-30,0.67,18.222
FRAF,2024-03-31,0.77,17.418
FRAF,2023-12-31,0.8,17.669
FRAF,2023-09-30,0.89,17.4
FRAF,2023-06-30,0.68,16.417
FRAF,2023-03-31,0.75,15.768
FRAF,2022-12-31,0.85,17.851
FRAF,2022-09-30,1.05,17.367
FRAF,2022-06-30,0.8,15.842
FRAF,2022-03-31,0.68,14.346
FRAF,2021-12-31,0.83,15.66
FRAF,2021-09-30,1.32,15.658
FRAF,2021-06-30,1.19,14.983
FRAF,2021-03-31,1.1,14.775
FRAF,2020-12-31,1.04,14.914
FRAF,2020-09-30,0.79,13.701
FRAF,2020-06-30,0.71,13.465
FRAF,2020-03-31,0.4,13.877
FRAF,2019-12-31,1.01,15.214
FRAF,2019-09-30,1.04,14.057
FRAF,2019-06-30,0.91,14.012
FRAF,2019-03-31,0.73,13.236
FRAF,2018-12-31,0.87,13.381
FRAF,2018-09-30,0.91,13.217
FRAF,2018-06-30,-1.18,13.083
FRAF,2018-03-31,0.8,12.603
FUSB,2024-09-30,0.38,10.086
FUSB,2024-06-30,0.36,10.011
FUSB,2024-03-31,0.36,9.905
FUSB,2023-12-31,0.38,10.027
FUSB,2023-09-30,0.35,10.302
FUSB,2023-06-30,0.34,10.122
FUSB,2023-03-31,0.35,10.263
FUSB,2022-12-31,0.37,10.569
FUSB,2022-09-30,0.31,10.325
FUSB,2022-06-30,0.23,9.678
FUSB,2022-03-31,0.22,9.519
FUSB,2021-12-31,0.27,10.123
FUSB,2021-09-30,0.13,10.214
FUSB,2021-06-30,0.15,10.121
FUSB,2021-03-31,0.15,9.944
FUSB,2020-12-31,0.16,10.3
FUSB,2020-09-30,0.07,10.024
FUSB,2020-06-30,0.07,9.953
FUSB,2020-03-31,0.13,10.183
FUSB,2019-12-31,0.19,10.585
FUSB,2019-09-30,0.17,10.761
FUSB,2019-06-30,0.16,10.524
FUSB,2019-03-31,0.19,10.438
FUSB,2018-12-31,0.23,10.802
FUSB,2018-09-30,0.04,10.44
FUSB,2018-06-30,0.06,8.634
FUSB,2018-03-31,0.07,8.454
FUTU,2024-09-30,9.6,3436.132
FUTU,2024-06-30,8.8,3128.986
FUTU,2024-03-31,7.52,2592.459
FUTU,2023-12-31,6.4,2373.262
FUTU,2023-09-30,8.0,2650.415
FUTU,2023-06-30,8.08,2484.888
FUTU,2023-03-31,8.56,2499.853
FUTU,2022-12-31,6.88,2280.719
FUTU,2022-09-30,5.36,1945.58
FUTU,2022-06-30,4.48,1746.724
FUTU,2022-03-31,3.92,1641.004
FUTU,2021-12-31,3.28,1602.809
FUTU,2021-09-30,4.0,1731.05
FUTU,2021-06-30,3.52,1576.858
FUTU,2021-03-31,8.16,2204.603
FUTU,2020-12-31,3.92,1186.444
FUTU,2020-09-30,3.12,946.172
FUTU,2020-06-30,1.92,687.564
FUTU,2020-03-31,1.2,490.642
FUTU,2019-12-31,0.32,310.91
FUTU,2019-09-30,0.16,254.342
FUTU,2019-06-30,0.48,259.854
FUTU,2019-03-31,0.72,236.449
FUTU,2018-12-31,0.099226,227.176
FUTU,2018-09-30,0.138878,225.526
FUTU,2018-06-30,0.076424,186.232
FUTU,2018-03-31,0.297233,172.409
FYBR,2024-12-31,-0.47,1490.0
FYBR,2024-09-30,-0.33,1471.0
FYBR,2024-06-30,-0.49,1466.0
FYBR,2024-03-31,0.00406,1446.0
FYBR,2023-12-31,0.07,1409.0
FYBR,2023-09-30,0.05,1421.0
FYBR,2023-06-30,-0.01,1428.0
FYBR,2023-03-31,0.01,1418.0
FYBR,2022-12-31,0.63,1477.0
FYBR,2022-09-30,0.49,1426.0
FYBR,2022-06-30,0.41,1459.0
FYBR,2022-03-31,0.27,1447.0
FYBR,2021-09-30,0.52,1576.0
FYBR,2021-03-31,0.245499,1676.0
FYBR,2020-12-31,-0.204583,1695.0
FYBR,2020-09-30,0.061375,1726.0
FYBR,2020-06-30,-0.740589,1801.0
GBNY,2024-06-30,-0.39,1.834
GBNY,2024-03-31,-0.25,1.819
GBNY,2023-12-31,-0.29,2.615
GBNY,2023-09-30,-0.3,1.944
GBNY,2023-06-30,-0.07,2.299
GBNY,2023-03-31,-0.07,2.593
GBNY,2022-12-31,0.02,2.629
GBNY,2022-09-30,0.13,2.895
GBNY,2022-06-30,0.15,2.858
GBNY,2022-03-31,0.17,3.005
GBNY,2021-12-31,0.22,3.247
GBNY,2021-09-30,0.07,3.269
GBNY,2021-06-30,0.16,3.142
GBNY,2021-03-31,0.15,2.952
GBNY,2020-12-31,0.16,3.523
GBNY,2020-09-30,0.26,3.307
GBNY,2020-06-30,0.28,3.177
GBNY,2020-03-31,0.00408,2.471
GBNY,2019-12-31,0.0,2.59
GBNY,2019-09-30,0.07,2.844
GENI,2024-09-30,0.05,120.198
GENI,2024-06-30,-0.09,95.447
GENI,2024-03-31,-0.11,119.718
GENI,2023-12-31,-0.17,127.172
GENI,2023-09-30,-0.06,101.729
GENI,2023-06-30,-0.05,86.847
GENI,2023-03-31,-0.12,97.229
GENI,2022-12-31,-0.63,105.339
GENI,2022-09-30,-0.04,78.65
GENI,2022-06-30,-0.02,71.117
GENI,2022-03-31,-0.21,85.923
GENI,2021-12-31,-0.28,84.012
GENI,2021-09-30,-0.37,69.136
GENI,2021-06-30,-3.08,55.849
GENI,2021-03-31,-0.029801,53.738
GENI,2020-12-31,-0.075621,47.017
GENI,2020-09-30,-0.010152,40.556
GENI,2020-06-30,-0.041918,26.797
GENI,2020-03-31,-0.042243,35.369
GENI,2018-12-31,-0.054657,30.578
GFL,2024-12-31,-0.52,1985.9
GFL,2024-09-30,0.24,2014.7
GFL,2024-06-30,-1.31,2060.0
GFL,2024-03-31,-0.53,1801.4
GFL,2023-12-31,-0.21,1882.8
GFL,2023-09-30,0.059801,1890.0
GFL,2023-06-30,0.74,1943.6
GFL,2023-03-31,-0.66,1799.1
GFL,2022-12-31,-0.66,1821.2
GFL,2022-09-30,-0.55,1831.2
GFL,2022-06-30,0.12,1707.5
GFL,2022-03-31,0.02,1401.4
GFL,2021-12-31,-0.25,1539.5
GFL,2021-09-30,-0.71,1485.1
GFL,2021-06-30,0.03,1314.3
GFL,2021-03-31,-0.66,1186.6
GFL,2020-12-31,-1.39,1235.6
GFL,2020-09-30,-0.32,1036.0
GFL,2020-06-30,-0.32,993.3
GFL,2020-03-31,-0.77,931.324
GFL,2019-12-31,-15.096282,896.551
GFL,2019-09-30,-9.199078,898.0
GFL,2019-06-30,-0.217,831.417
GFL,2019-03-31,-0.517277,720.898
GFL,2018-03-31,-0.316962,331.597
GNTY,2024-09-30,0.65,28.554
GNTY,2024-06-30,0.65,27.694
GNTY,2024-03-31,0.58,28.236
GNTY,2023-12-31,0.51,27.846
GNTY,2023-09-30,0.54,27.438
GNTY,2023-06-30,0.82,31.837
GNTY,2023-03-31,0.69,29.468
GNTY,2022-12-31,0.67,32.74
GNTY,2022-09-30,0.92,33.377
GNTY,2022-06-30,0.9,32.258
GNTY,2022-03-31,0.89,30.224
GNTY,2021-12-31,0.76,29.415
GNTY,2021-09-30,0.77,29.373
GNTY,2021-06-30,0.87,28.831
GNTY,2021-03-31,0.91,30.07
GNTY,2020-12-31,0.818182,28.427
GNTY,2020-09-30,0.836364,28.942
GNTY,2020-06-30,0.090909,28.169
GNTY,2020-03-31,0.5,25.53
GNTY,2019-12-31,0.581818,23.821
GNTY,2019-09-30,0.590909,24.699
GNTY,2019-06-30,0.472727,23.396
GNTY,2019-03-31,0.409091,22.569
GNTY,2018-12-31,0.5,21.902
GNTY,2018-09-30,0.390909,21.778
GNTY,2018-06-30,0.372727,20.375
GNTY,2018-03-31,0.354545,19.037
GSHD,2024-12-31,0.6,93.922
GSHD,2024-09-30,0.31,78.035
GSHD,2024-06-30,0.25,78.088
GSHD,2024-03-31,0.07,64.46
GSHD,2023-12-31,0.15,63.014
GSHD,2023-09-30,0.29,71.03
GSHD,2023-06-30,0.15,69.277
GSHD,2023-03-31,-0.00349,57.955
GSHD,2022-12-31,0.02,57.403
GSHD,2022-09-30,0.09,57.687
GSHD,2022-06-30,0.02,53.022
GSHD,2022-03-31,-0.11,41.278
GSHD,2021-12-31,0.01,40.23
GSHD,2021-09-30,0.21,41.681
GSHD,2021-06-30,0.08,38.173
GSHD,2021-03-31,-0.02,31.228
GSHD,2020-12-31,0.15,34.65
GSHD,2020-09-30,0.19,32.015
GSHD,2020-06-30,0.21,29.924
GSHD,2020-03-31,-0.01,20.425
GSHD,2019-12-31,0.12,13.798
GSHD,2019-09-30,0.07,21.169
GSHD,2019-06-30,0.06,19.386
GSHD,2019-03-31,0.17,23.133
GSHD,2018-12-31,0.006623,14.717
GSHD,2018-09-30,0.02,16.054
GSHD,2018-06-30,-0.68,14.787712
GSHD,2018-03-31,0.307482,14.588881
G,2024-12-31,0.81,1248.741
G,2024-09-30,0.75,1210.949
G,2024-06-30,0.68,1176.212
G,2024-03-31,0.65,1131.237
G,2023-12-31,1.61,1146.253
G,2023-09-30,0.65,1135.792
G,2023-06-30,0.63,1105.524
G,2023-03-31,0.58,1089.319
G,2022-12-31,0.49,1102.545
G,2022-09-30,0.52,1111.037
G,2022-06-30,0.39,1089.147
G,2022-03-31,0.52,1068.443
G,2021-12-31,0.39,1072.277
G,2021-09-30,0.55,1015.737
G,2021-06-30,0.55,988.126
G,2021-03-31,0.48,946.071
G,2020-12-31,0.4,950.568
G,2020-09-30,0.45,935.523
G,2020-06-30,0.33,900.094
G,2020-03-31,0.45,923.192
G,2019-12-31,0.43,940.739
G,2019-09-30,0.46,888.799
G,2019-06-30,0.39,881.799
G,2019-03-31,0.32,809.206
G,2018-12-31,0.42,835.339
G,2018-09-30,0.39,747.978
G,2018-06-30,0.34,728.561
G,2018-03-31,0.34,688.912
HALO,2024-12-31,1.08,298.008
HALO,2024-09-30,1.08,290.084
HALO,2024-06-30,0.73,231.353
HALO,2024-03-31,0.61,195.879
HALO,2023-12-31,0.65,230.039
HALO,2023-09-30,0.62,216.033
HALO,2023-06-30,0.57,221.038
HALO,2023-03-31,0.29,162.143
HALO,2022-12-31,0.43,181.496
HALO,2022-09-30,0.45,208.976
HALO,2022-06-30,0.16,152.365
HALO,2022-03-31,0.44,117.279
HALO,2021-12-31,0.48,102.003
HALO,2021-09-30,1.53,115.83
HALO,2021-06-30,0.64,136.455
HALO,2021-03-31,0.2,89.022
HALO,2020-12-31,0.54,121.703
HALO,2020-09-30,0.27,65.316
HALO,2020-06-30,0.19,55.221
HALO,2020-03-31,-0.04,25.354
HALO,2019-12-31,-0.24,53.665
HALO,2019-09-30,-0.17,46.23
HALO,2019-06-30,-0.1,39.148
HALO,2019-03-31,0.01,56.949
HALO,2018-12-31,-0.01,60.232
HALO,2018-09-30,-0.19,25.556
HALO,2018-06-30,-0.16,35.202
HALO,2018-03-31,-0.19,30.872
HCI,2024-12-31,0.24,161.442
HCI,2024-09-30,0.54,175.238
HCI,2024-06-30,5.18,206.355
HCI,2024-03-31,4.76,206.419
HCI,2023-12-31,4.31,162.657
HCI,2023-09-30,1.53,131.538
HCI,2023-06-30,1.45,127.338
HCI,2023-03-31,1.78,128.476
HCI,2022-12-31,0.18,115.927
HCI,2022-09-30,-5.66,125.389
HCI,2022-06-30,-1.04,125.399
HCI,2022-03-31,0.09,125.273
HCI,2021-12-31,0.01,110.87
HCI,2021-09-30,-0.72,97.612
HCI,2021-06-30,0.25,99.957
HCI,2021-03-31,0.82,94.112
HCI,2020-12-31,0.35,70.328
HCI,2020-09-30,1.97,67.128
HCI,2020-06-30,1.16,80.804
HCI,2020-03-31,0.07,55.819
HCI,2019-12-31,0.84,63.231
HCI,2019-09-30,0.73,59.979
HCI,2019-06-30,0.93,58.63
HCI,2019-03-31,0.82,60.634
HCI,2018-12-31,-0.95,52.997
HCI,2018-09-30,1.08,61.743
HCI,2018-06-30,0.96,58.813
HCI,2018-03-31,1.25,57.739
HEES,2024-12-31,0.9,384.082
HEES,2024-09-30,0.86,384.862
HEES,2024-06-30,0.92,376.282
HEES,2024-03-31,0.72,371.357
HEES,2023-12-31,1.48,385.806
HEES,2023-09-30,1.35,400.696
HEES,2023-06-30,1.14,360.232
HEES,2023-03-31,0.71,322.482
HEES,2022-12-31,1.42,353.117
HEES,2022-09-30,1.05,324.28
HEES,2022-06-30,0.72,294.671
HEES,2022-03-31,0.45,272.45
HEES,2021-12-31,1.46,281.252
HEES,2021-09-30,0.81,275.436
HEES,2021-06-30,0.44,315.763
HEES,2021-03-31,0.11,278.445
HEES,2020-12-31,-0.4,315.602
HEES,2020-09-30,0.28,289.26
HEES,2020-06-30,0.24,278.336
HEES,2020-03-31,-1.03,285.922
HEES,2019-12-31,0.61,348.133
HEES,2019-09-30,0.79,352.997
HEES,2019-06-30,0.63,333.597
HEES,2019-03-31,0.4,313.638
HEES,2018-12-31,0.7,345.974
HEES,2018-09-30,0.6,322.141
HEES,2018-06-30,0.58,310.364
HEES,2018-03-31,0.27,260.482
HURN,2024-12-31,1.92,399.314
HURN,2024-09-30,1.53,378.089
HURN,2024-06-30,2.1,381.017
HURN,2024-03-31,0.99,363.385
HURN,2023-12-31,0.15,350.005
HURN,2023-09-30,1.15,367.466
HURN,2023-06-30,1.3,354.899
HURN,2023-03-31,0.7,326.385
HURN,2022-12-31,0.88,321.183
HURN,2022-09-30,0.88,292.186
HURN,2022-06-30,0.67,280.817
HURN,2022-03-31,1.29,264.775
HURN,2021-12-31,1.48,260.736
HURN,2021-09-30,0.65,227.697
HURN,2021-06-30,0.59,233.378
HURN,2021-03-31,0.25,205.147
HURN,2020-12-31,-0.28,200.101
HURN,2020-09-30,0.5,208.164
HURN,2020-06-30,0.62,220.827
HURN,2020-03-31,-1.94,241.922
HURN,2019-12-31,0.65,255.199
HURN,2019-09-30,0.62,242.925
HURN,2019-06-30,0.48,244.288
HURN,2019-03-31,0.15,223.062
HURN,2018-12-31,0.14,228.68
HURN,2018-09-30,0.39,219.744
HURN,2018-06-30,0.25,218.277
HURN,2018-03-31,-0.15,211.298
IBEX,2024-12-31,0.61,140.682
IBEX,2024-09-30,0.45,129.717
IBEX,2024-06-30,0.57,124.531
IBEX,2024-03-31,0.59,126.795
IBEX,2023-12-31,0.34,132.634
IBEX,2023-09-30,0.41,124.609
IBEX,2023-06-30,0.25,124.256
IBEX,2023-03-31,0.64,131.596
IBEX,2022-12-31,0.1,139.39
IBEX,2022-09-30,0.24,127.876
IBEX,2022-06-30,0.27,123.707
IBEX,2022-03-31,0.36,129.108
IBEX,2021-12-31,0.46,132.184
IBEX,2021-09-30,0.17,108.573
IBEX,2021-06-30,0.22,108.878
IBEX,2021-03-31,-0.01,108.832
IBEX,2020-12-31,0.14,117.181
IBEX,2020-09-30,-0.21,108.771
IBEX,2020-06-30,-0.21717,100.88
IBEX,2020-03-31,0.253352,101.124
IBEX,2019-12-31,0.31305,107.784
IBEX,2019-09-30,0.153728,95.347
IBEX,2019-06-30,-0.013832,87.915
IBM,2024-12-31,3.15,17553.0
IBM,2024-09-30,-0.36,14967.0
IBM,2024-06-30,1.99,15769.0
IBM,2024-03-31,1.75,14461.0
IBM,2023-12-31,3.59,17380.0
IBM,2023-09-30,1.87,14752.0
IBM,2023-06-30,1.74,15475.0
IBM,2023-03-31,1.02,14252.0
IBM,2022-12-31,2.99,16691.0
IBM,2022-09-30,-3.54,14106.0
IBM,2022-06-30,1.54,15535.0
IBM,2022-03-31,0.82,14197.0
IBM,2021-12-31,2.6,3259.0
IBM,2021-09-30,1.26,17618.0
IBM,2021-06-30,1.48,18745.0
IBM,2021-03-31,1.07,17729.0
IBM,2020-12-31,1.52,20368.0
IBM,2020-09-30,1.9,17561.0
IBM,2020-06-30,1.53,18123.0
IBM,2020-03-31,1.32,17570.0
IBM,2019-12-31,4.14,21777.0
IBM,2019-09-30,1.89,18027.0
IBM,2019-06-30,2.82,19161.0
IBM,2019-03-31,1.79,18181.0
IBM,2018-12-31,2.17,21760.0
IBM,2018-09-30,2.95,18755.0
IBM,2018-06-30,2.63,20003.0
IBM,2018-03-31,1.82,19071.0
ICL,2024-09-30,0.09,1753.0
ICL,2024-06-30,0.09,1752.0
ICL,2024-03-31,0.08,1735.0
ICL,2023-12-31,0.05,1690.0
ICL,2023-09-30,0.11,1862.0
ICL,2023-06-30,0.13,1834.0
ICL,2023-03-31,0.22,2098.0
ICL,2022-12-31,0.26,2091.0
ICL,2022-09-30,0.49,2519.0
ICL,2022-06-30,0.44,2880.0
ICL,2022-03-31,0.49,2525.0
ICL,2021-12-31,0.21,2038.0
ICL,2021-09-30,0.18,1790.0
ICL,2021-06-30,0.11,1617.0
ICL,2021-03-31,0.11,1510.0
ICL,2019-12-31,0.04,1106.0
ICL,2019-09-30,0.1,1325.0
ICL,2019-06-30,0.12,1425.0
ICL,2019-03-31,0.11,1415.0
IDCC,2024-12-31,5.23,252.802
IDCC,2024-09-30,1.36,128.679
IDCC,2024-06-30,4.35,223.493
IDCC,2024-03-31,3.2,263.542
IDCC,2023-12-31,1.52,105.518
IDCC,2023-09-30,1.82,140.106
IDCC,2023-06-30,0.81,101.591
IDCC,2023-03-31,3.66,202.373
IDCC,2022-12-31,1.09,117.055
IDCC,2022-09-30,0.75,114.764
IDCC,2022-06-30,0.69,124.657
IDCC,2022-03-31,0.59,101.318
IDCC,2021-12-31,0.71,111.815
IDCC,2021-09-30,0.85,143.496
IDCC,2021-06-30,0.05,87.735
IDCC,2021-03-31,0.18,82.363
IDCC,2020-12-31,-0.04,90.79
IDCC,2020-09-30,0.77,87.493
IDCC,2020-06-30,0.72,104.498
IDCC,2020-03-31,0.003776,76.21
IDCC,2019-12-31,0.44,102.161
IDCC,2019-09-30,0.07,72.523
IDCC,2019-06-30,0.25,75.609
IDCC,2019-03-31,-0.09,68.631
IDCC,2018-12-31,0.05,75.326
IDCC,2018-09-30,0.62,75.079
IDCC,2018-06-30,0.31,69.555
IDCC,2018-03-31,0.86,87.444
IFS,2024-09-30,3.388,1738.672
IFS,2024-06-30,2.486,1566.758
IFS,2024-03-31,1.224,1432.394
IFS,2023-12-31,2.491,599.829
IFS,2023-09-30,1.688,2439.087
IFS,2023-06-30,2.851,1564.973
IFS,2023-03-31,2.297,1498.012
IFS,2022-12-31,3.466,1704.943
IFS,2022-09-30,5.291,1877.312
IFS,2022-06-30,2.157,1467.898
IFS,2022-03-31,3.474,1433.158
IFS,2021-12-31,2.262,1236.791
IFS,2021-09-30,4.76,1617.748
IFS,2021-06-30,3.928,1510.796
IFS,2021-03-31,4.56,1587.34
IFS,2020-12-31,3.257,1549.533
IFS,2020-09-30,2.812,1504.726
IFS,2020-06-30,-3.991,1177.077
IFS,2020-03-31,1.242,1242.377
IFS,2019-12-31,3.566,1397.407
IFS,2019-09-30,2.902,1378.353
IFS,2019-06-30,3.143,1311.184
IFS,2019-03-31,3.167,1284.443
IFS,2018-12-31,2.518,1292.451
IFS,2018-09-30,2.84,1031.803
IFS,2018-06-30,1.83,1215.89
IFS,2018-03-31,2.63,1238.86
ITCI,2024-12-31,-0.16,199.223
ITCI,2024-09-30,-0.25,175.159
ITCI,2024-06-30,-0.16,161.276
ITCI,2024-03-31,-0.16,144.843
ITCI,2023-12-31,-0.3,131.506
ITCI,2023-09-30,-0.25,125.81
ITCI,2023-06-30,-0.45,110.128
ITCI,2023-03-31,-0.46,94.731
ITCI,2022-12-31,-0.45,87.433
ITCI,2022-09-30,-0.57,71.87
ITCI,2022-06-30,-0.92,55.074
ITCI,2022-03-31,-0.78,34.755
ITCI,2021-12-31,-1.05,25.516026
ITCI,2021-09-30,-0.95,21.606163
ITCI,2021-06-30,-0.85,19.00678
ITCI,2021-03-31,-0.65,15.578905
ITCI,2020-12-31,-0.76,12.403754
ITCI,2020-09-30,-0.79,7.368594
ITCI,2020-06-30,-0.96,1.875889
ITCI,2020-03-31,-0.73,0.882516
ITCI,2019-12-31,-0.74,0.060613
ITCI,2019-09-30,-0.63,0.0
ITCI,2019-06-30,-0.68,0.0
ITCI,2019-03-31,-0.63,0.0
ITCI,2018-12-31,-0.75,0.0
ITCI,2018-09-30,-0.76,0.0
ITCI,2018-06-30,-0.68,0.0
ITCI,2018-03-31,-0.65,0.0
ITRN,2024-09-30,0.69,83.479
ITRN,2024-06-30,0.66,84.869
ITRN,2024-03-31,0.66,85.026
ITRN,2023-12-31,0.6,77.808
ITRN,2023-09-30,0.63,81.053
ITRN,2023-06-30,0.61,81.645
ITRN,2023-03-31,0.56,79.472
ITRN,2022-12-31,0.47,74.948
ITRN,2022-09-30,0.49,72.664
ITRN,2022-06-30,0.43,73.388
ITRN,2022-03-31,0.43,72.072
ITRN,2021-12-31,0.46,70.356
ITRN,2021-09-30,0.35,65.701
ITRN,2021-06-30,0.44,67.462
ITRN,2021-03-31,0.4,67.365
JD,2024-09-30,8.04,260387.0
JD,2024-06-30,8.4,291397.0
JD,2024-03-31,4.56,260049.0
JD,2023-12-31,2.16,306077.0
JD,2023-09-30,5.04,247698.0
JD,2023-06-30,4.18,287931.0
JD,2023-03-31,3.98,242956.0
JD,2022-12-31,1.94,295446.0
JD,2022-09-30,3.82,243535.0
JD,2022-06-30,2.8,267600.0
JD,2022-03-31,-1.92,239655.0
JD,2021-12-31,-3.32,275907.003
JD,2021-09-30,-0.9,218708.358
JD,2021-06-30,0.26,253800.47
JD,2021-03-31,1.16,203176.169
JD,2020-12-31,7.84,224328.155
JD,2020-09-30,2.44,174214.464
JD,2020-06-30,5.55,201054.058
JD,2020-03-31,0.37,146205.209
JD,2019-12-31,1.24,170684.038
JD,2019-09-30,0.21,134842.785
JD,2019-06-30,0.21,150280.602
JD,2019-03-31,2.53,121081.059
JD,2018-12-31,-1.66,134832.549
JD,2018-09-30,1.04,104768.279
JD,2018-06-30,-0.77,122291.03
JD,2018-03-31,0.53,100127.901
JFIN,2024-09-30,5.08,1444.872
JFIN,2024-06-30,4.48,1476.327
JFIN,2024-03-31,5.16,1475.34
JFIN,2023-12-31,6.88,1600.543
JFIN,2023-09-30,6.04,1466.344
JFIN,2023-06-30,6.08,1277.824
JFIN,2023-03-31,5.24,1122.162
JFIN,2022-12-31,9.96,1054.392
JFIN,2022-09-30,4.6,894.295
JFIN,2022-06-30,4.72,811.554
JFIN,2022-03-31,2.68,511.174
JFIN,2021-12-31,2.28,368.212
JFIN,2021-09-30,2.36,577.05
JFIN,2021-06-30,2.36,492.173
JFIN,2021-03-31,1.72,343.055
JFIN,2020-12-31,1.6,340.335
JFIN,2020-09-30,1.6,401.31
JFIN,2020-06-30,0.76,244.989
JFIN,2020-03-31,0.76,313.526
JFIN,2019-12-31,0.44,342.62
JFIN,2019-09-30,1.52,510.773
JFIN,2019-06-30,3.24,635.616
JFIN,2019-03-31,4.751682,731.331
JFIN,2018-12-31,3.034299,710.257
JFIN,2018-09-30,-0.821533,508.165
JFIN,2018-06-30,3.92972,680.261
JFIN,2018-03-31,5.29228,983.256
JFIN,2017-12-31,2.678187,770.095
KC,2024-09-30,-4.35,1885.574
KC,2024-06-30,-1.5,1891.78
KC,2024-03-31,-1.5,1775.684
KC,2023-12-31,-1.2,1722.45
KC,2023-09-30,-3.3,1625.208
KC,2023-06-30,-2.1,1835.403
KC,2023-03-31,-2.55,1864.4
KC,2022-12-31,-2.1,2131.013
KC,2022-09-30,-3.3,1968.787
KC,2022-06-30,-3.3,1906.498
KC,2022-03-31,-2.25,2173.809
KC,2021-12-31,-1.95,2659.73
KC,2021-09-30,-2.25,2413.835
KC,2021-06-30,-1.05,2173.687
KC,2021-03-31,-1.65,1813.532
KC,2020-12-31,-0.45,1922.746
KC,2020-09-30,-0.45,1728.843
KC,2020-06-30,-2.85,1534.755
KC,2020-03-31,-1.753227,1390.963
KC,2019-12-31,-1.185137,1173.64
KC,2019-09-30,-1.436556,1001.79
KC,2019-06-30,-1.310135,935.122
KC,2019-03-31,-0.825076,845.801
KEN,2024-09-30,0.81,237.0
KEN,2024-06-30,2.13,181.0
KEN,2024-03-31,0.15,174.0
KEN,2023-12-31,0.11,150.796
KEN,2023-09-30,-3.83,229.0
KEN,2023-06-30,-0.56,165.0
KEN,2023-03-31,-0.14,147.0
KEN,2022-12-31,-15.63,144.957
KEN,2022-09-30,4.65,163.0
KEN,2022-06-30,4.92,121.0
KEN,2022-03-31,11.86,146.0
KEN,2021-12-31,7.28,134.763
KEN,2021-09-30,3.45,133.0
KEN,2021-06-30,3.2,105.0
KEN,2021-03-31,3.34,115.0
KEN,2020-12-31,2.69,104.47
KEN,2020-09-30,1.25,117.0
KEN,2020-06-30,5.19,76.0
KEN,2020-03-31,0.28,89.0
KEN,2019-12-31,-0.41,89.473
KEN,2019-09-30,0.53,102.0
KEN,2019-06-30,-0.13,85.0
KEN,2019-03-31,-0.24,97.0
KEN,2018-12-31,-1.15,85.012
KEN,2018-09-30,-0.38,94.0
KEN,2018-06-30,-0.53,84.0
KEN,2018-03-31,10.13,101.0
KGC,2024-09-30,0.29,1432.0
KGC,2024-06-30,0.17,1219.5
KGC,2024-03-31,0.09,1081.5
KGC,2023-12-31,0.05,1115.7
KGC,2023-09-30,0.09,1102.4
KGC,2023-06-30,0.12,1092.3
KGC,2023-03-31,0.07,929.3
KGC,2022-12-31,-0.08,1076.2
KGC,2022-09-30,0.05,856.5
KGC,2022-06-30,-0.03,821.5
KGC,2022-03-31,-0.41,768.0
KGC,2021-12-31,0.0,879.5
KGC,2021-09-30,-0.04,862.5
KGC,2021-06-30,0.09,1000.9
KGC,2021-03-31,0.12,986.5
KGC,2020-12-31,0.63,1195.1
KGC,2020-09-30,0.19,1131.3
KGC,2020-06-30,0.16,1007.2
KGC,2020-03-31,0.1,879.8
KGC,2019-12-31,0.41,996.2
KGC,2019-09-30,0.05,877.1
KGC,2019-06-30,0.06,837.8
KGC,2019-03-31,0.05,786.2
KGC,2018-12-31,-0.023282,786.5
KGC,2018-09-30,-0.08,753.9
KGC,2018-06-30,0.00192,775.0
KGC,2018-03-31,0.09,897.2
K,2024-12-31,1.06,3124.0
K,2024-09-30,1.07,3233.0
K,2024-06-30,1.01,3192.0
K,2024-03-31,0.78,3200.0
K,2023-12-31,0.08,1089.0
K,2023-09-30,0.79,3939.0
K,2023-06-30,1.04,4041.0
K,2023-03-31,0.87,4053.0
K,2022-12-31,-0.29,3833.0
K,2022-09-30,0.91,3946.0
K,2022-06-30,0.96,3864.0
K,2022-03-31,1.24,3672.0
K,2021-12-31,1.27,3420.0
K,2021-09-30,0.9,3622.0
K,2021-06-30,1.12,3555.0
K,2021-03-31,1.07,3584.0
K,2020-12-31,0.6,3464.0
K,2020-09-30,1.02,3429.0
K,2020-06-30,1.02,3465.0
K,2020-03-31,1.01,3412.0
K,2019-12-31,0.43,3223.0
K,2019-09-30,0.73,3372.0
K,2019-06-30,0.84,3461.0
K,2019-03-31,0.82,3522.0
K,2018-12-31,-0.24,3317.0
K,2018-09-30,1.1,3469.0
K,2018-06-30,1.72,3360.0
K,2018-03-31,1.28,3401.0
LARK,2024-09-30,0.685714,15.857
LARK,2024-06-30,0.52381,14.694
LARK,2024-03-31,0.485714,14.147
LARK,2023-12-31,0.457143,13.14
LARK,2023-09-30,0.498866,14.278
LARK,2023-06-30,0.580499,14.662
LARK,2023-03-31,0.580499,14.442
LARK,2022-12-31,0.208617,14.698
LARK,2022-09-30,0.431919,12.98
LARK,2022-06-30,0.526941,12.694
LARK,2022-03-31,0.544218,12.208
LARK,2021-12-31,0.544218,13.734
LARK,2021-09-30,0.781567,15.078
LARK,2021-06-30,0.863838,15.453
LARK,2021-03-31,0.929654,16.316
LARK,2020-12-31,0.970789,16.968
LARK,2020-09-30,0.948067,17.432
LARK,2020-06-30,0.885385,15.987
LARK,2020-03-31,0.571974,13.455
LARK,2019-12-31,0.556304,12.028
LARK,2019-09-30,0.447729,12.214
LARK,2019-06-30,0.440267,11.469
LARK,2019-03-31,0.373108,10.452
LARK,2018-12-31,0.417881,10.528
LARK,2018-09-30,0.518797,11.747
LARK,2018-06-30,0.49037,11.089
LARK,2018-03-31,0.362447,9.995
LBRDA,2024-12-31,2.04,263.0
LBRDA,2024-09-30,0.99,262.0
LBRDA,2024-06-30,1.36,246.0
LBRDA,2024-03-31,1.69,245.0
LBRDA,2023-12-31,1.4,250.0
LBRDA,2023-09-30,1.11,240.0
LBRDA,2023-06-30,1.73,245.0
LBRDA,2023-03-31,0.47,246.0
LBRDA,2022-12-31,1.27,250.0
LBRDA,2022-09-30,2.07,248.0
LBRDA,2022-06-30,2.89,239.0
LBRDA,2022-03-31,1.79,238.0
LBRDA,2021-12-31,2.13,248.962
LBRDA,2021-09-30,1.31,250.22
LBRDA,2021-06-30,0.3,242.284
LBRDA,2021-03-31,0.27,246.534
LBRDA,2020-12-31,1.45,38.269
LBRDA,2020-09-30,0.38,4.219
LBRDA,2020-06-30,0.4,4.114
LBRDA,2020-03-31,-0.04,4.104
LBRDA,2019-12-31,0.51,3.941
LBRDA,2019-09-30,0.15,3.713
LBRDA,2019-06-30,0.07,3.747
LBRDA,2019-03-31,-0.08,3.458
LBRDA,2018-12-31,0.09,3.576
LBRDA,2018-09-30,0.33,3.518
LBRDA,2018-06-30,0.06,3.371
LBRDA,2018-03-31,-0.08,11.791
LNSR,2024-12-31,-1.61,16.731
LNSR,2024-09-30,-0.13,13.539
LNSR,2024-06-30,-0.79,12.636
LNSR,2024-03-31,-0.19,10.588
LNSR,2023-12-31,-0.35,12.105
LNSR,2023-09-30,0.13,9.795
LNSR,2023-06-30,-0.81,12.012
LNSR,2023-03-31,-0.4,8.252
LNSR,2022-12-31,-0.24,10.232
LNSR,2022-09-30,-0.39,7.748
LNSR,2022-06-30,-0.67,8.038
LNSR,2022-03-31,-0.67,9.34
LNSR,2021-12-31,-0.41,11.222
LNSR,2021-09-30,-0.65,8.272
LNSR,2021-06-30,-0.47,7.922
LNSR,2021-03-31,-0.56,7.043
LNSR,2020-12-31,-0.78,8.284
LNSR,2020-09-30,-0.64,7.145
LNSR,2020-06-30,-0.422866,5.047
LNSR,2020-03-31,-0.346606,5.906
LNSR,2019-12-31,-0.232073,8.46
LNSR,2019-09-30,-0.547084,8.068
LSBK,2024-09-30,0.24,6.174
LSBK,2024-06-30,0.19,5.944
LSBK,2024-03-31,0.17,5.84
LSBK,2023-12-31,0.13,6.481
LSBK,2023-09-30,0.27,6.9
LSBK,2023-06-30,0.14,6.767
LSBK,2023-03-31,0.29,6.845
LSBK,2022-12-31,0.2,7.132
LSBK,2022-09-30,0.3,7.013
LSBK,2022-06-30,0.29,6.698
LSBK,2022-03-31,0.18,6.2
LSBK,2021-12-31,0.31,6.434
LSBK,2021-09-30,0.29,6.544
LSBK,2021-06-30,0.17,6.114
LSBK,2021-03-31,0.29,6.09
LSBK,2020-12-31,0.21,6.248
LSBK,2020-09-30,0.21,5.679
LSBK,2020-06-30,0.23,5.646
LSBK,2020-03-31,0.12,5.351
LSBK,2019-12-31,0.2,5.584
LSBK,2019-09-30,0.2,5.622
LSBK,2019-06-30,0.13,5.229
LSBK,2019-03-31,0.15,5.127
LSBK,2018-12-31,0.17,5.258
LSBK,2018-09-30,0.17,5.164
LSBK,2018-06-30,0.17,5.064
LSBK,2018-03-31,0.15,4.922
LX,2024-09-30,1.86,3662.143
LX,2024-06-30,1.36,3640.688
LX,2024-03-31,1.22,3241.93
LX,2023-12-31,0.08,3509.436
LX,2023-09-30,2.26,3508.935
LX,2023-06-30,2.16,3055.812
LX,2023-03-31,2.0,2982.899
LX,2022-12-31,1.84,3050.266
LX,2022-09-30,1.64,2690.337
LX,2022-06-30,0.92,2412.83
LX,2022-03-31,0.42,1712.378
LX,2021-12-31,1.38,2199.211
LX,2021-09-30,3.14,2968.795
LX,2021-06-30,4.26,3268.836
LX,2021-03-31,3.88,2943.683
LX,2020-12-31,2.78,3033.161
LX,2020-09-30,1.88,3154.054
LX,2020-06-30,2.3,2958.006
LX,2020-03-31,-3.74,2500.034
LX,2019-12-31,2.9,3148.061
LX,2019-09-30,4.06,3187.996
LX,2019-06-30,3.54,2492.94
LX,2019-03-31,3.32,1969.406
LX,2018-12-31,3.94,2548.91
LX,2018-09-30,1.86,1694.229
LX,2018-06-30,2.8,1783.096
LX,2018-03-31,0.88,1570.661
MAG,2024-09-30,0.22,0.0
MAG,2024-06-30,0.21,0.0
MAG,2024-03-31,0.14,0.0
MAG,2023-12-31,0.15,0.0
MAG,2023-09-30,0.09,0.0
MAG,2023-06-30,0.19,0.0
MAG,2023-03-31,0.05,0.0
MAG,2022-12-31,-0.01,0.0
MAG,2022-09-30,0.08,0.0
MAG,2022-06-30,0.08,0.0
MAG,2022-03-31,0.03,0.0
MAG,2021-12-31,0.09,0.0
MAG,2021-09-30,-0.02,0.0
MAG,2021-06-30,0.03,0.0
MAG,2021-03-31,-0.04,0.0
MAG,2020-12-31,0.11,0.0
MAG,2020-09-30,-0.04,0.0
MAG,2020-06-30,0.01,0.0
MAG,2020-03-31,-0.17,0.0
MAG,2019-12-31,-0.01,0.0
MAG,2019-09-30,-0.02,0.0
MAG,2019-06-30,-0.01,0.0
MAG,2019-03-31,-0.01,0.0
MAG,2018-12-31,-0.05,0.0
MAG,2018-09-30,0.01,0.0
MAG,2018-06-30,-0.03,0.0
MAG,2018-03-31,0.002141,0.0
MFG,2024-12-31,22.858,964935.0
MFG,2024-09-30,21.842,944501.0
MFG,2024-06-30,22.828,925085.0
MFG,2024-03-31,2.894,769443.0
MFG,2023-12-31,17.876,765808.0
MFG,2023-09-30,13.456,741102.0
MFG,2023-06-30,19.35,694715.0
MFG,2023-03-31,0.968,678564.0
MFG,2022-12-31,16.518,667641.0
MFG,2022-09-30,13.784,675259.0
MFG,2022-06-30,12.57,648575.0
MFG,2022-03-31,4.09,543681.0
MFG,2021-12-31,7.34,676141.0
MFG,2021-09-30,10.662,687934.0
MFG,2021-06-30,19.762,611705.0
MFG,2021-03-31,9.198,631925.0
MFG,2020-12-31,10.954,594252.0
MFG,2020-09-30,7.358,595008.0
MFG,2020-06-30,9.64,637739.0
MFG,2020-03-31,3.52,509829.0
MFG,2019-12-31,9.16,607826.0
MFG,2019-09-30,9.88,595567.0
MFG,2019-06-30,12.8,597689.0
MFG,2019-03-31,-24.72,733566.0
MFG,2018-12-31,4.0,195684.0
MFG,2018-09-30,15.64,625249.0
MFG,2018-06-30,12.68,639451.0
MFG,2018-03-31,7.94,542715.0
MGTX,2024-09-30,-0.55,10.91
MGTX,2024-06-30,-0.76,0.282
MGTX,2024-03-31,-0.32,0.697
MGTX,2023-12-31,0.42,2.04
MGTX,2023-09-30,-0.74,5.103
MGTX,2023-06-30,-0.53,3.54
MGTX,2023-03-31,-0.62,3.334
MGTX,2022-12-31,-0.58,-5.288
MGTX,2022-09-30,-0.83,4.816
MGTX,2022-06-30,-0.76,10.759
MGTX,2022-03-31,-0.7,5.633
MGTX,2021-12-31,-0.22,21.043
MGTX,2021-09-30,-0.59,6.947
MGTX,2021-06-30,-0.46,5.116
MGTX,2021-03-31,-0.54,4.595
MGTX,2020-12-31,-0.25,3.787872
MGTX,2020-09-30,-0.17,5.091832
MGTX,2020-06-30,-0.69,2.473705
MGTX,2020-03-31,-0.43,4.209576
MGTX,2019-12-31,-0.12,6.942734
MGTX,2019-09-30,-0.3,3.582586
MGTX,2019-06-30,-0.63,1.981676
MGTX,2019-03-31,-0.62,0.78496
MGTX,2018-12-31,-0.58,0.0
MGTX,2018-09-30,-0.59,0.0
MGTX,2018-06-30,-2.29,0.0
MGTX,2018-03-31,-0.89,0.0
MGTX,2017-12-31,-0.476444,0.0
MMM,2024-12-31,1.34,6010.0
MMM,2024-09-30,2.49,6294.0
MMM,2024-06-30,2.07,6255.0
MMM,2024-03-31,1.67,8003.0
MMM,2023-12-31,1.7,8013.0
MMM,2023-09-30,-3.74,8312.0
MMM,2023-06-30,-12.35,8325.0
MMM,2023-03-31,1.77,8031.0
MMM,2022-12-31,0.98,8079.0
MMM,2022-09-30,6.79,8619.0
MMM,2022-06-30,0.14,8702.0
MMM,2022-03-31,2.27,8829.0
MMM,2021-12-31,2.33,8612.0
MMM,2021-09-30,2.47,8942.0
MMM,2021-06-30,2.62,8950.0
MMM,2021-03-31,2.8,8851.0
MMM,2020-12-31,2.4,8583.0
MMM,2020-09-30,2.45,8350.0
MMM,2020-06-30,2.24,7176.0
MMM,2020-03-31,2.24,8075.0
MMM,2019-12-31,1.68,8111.0
MMM,2019-09-30,2.75,7991.0
MMM,2019-06-30,1.95,8171.0
MMM,2019-03-31,1.54,7863.0
MMM,2018-12-31,2.32,7945.0
MMM,2018-09-30,2.64,8152.0
MMM,2018-06-30,3.14,8390.0
MMM,2018-03-31,1.01,8278.0
MPAA,2024-12-31,0.12,186.176
MPAA,2024-09-30,-0.15,208.186
MPAA,2024-06-30,-0.92,169.887
MPAA,2024-03-31,0.07,189.478
MPAA,2023-12-31,-2.4,171.862
MPAA,2023-09-30,-0.1,196.639
MPAA,2023-06-30,-0.07,159.705
MPAA,2023-03-31,0.07,194.727
MPAA,2022-12-31,0.05,151.819
MPAA,2022-09-30,-0.34,172.543
MPAA,2022-06-30,-0.01,163.985
MPAA,2022-03-31,-0.02,163.916
MPAA,2021-12-31,0.16,161.81
MPAA,2021-09-30,0.19,175.548
MPAA,2021-06-30,0.05,149.034
MPAA,2021-03-31,0.04,168.128
MPAA,2020-12-31,0.44,122.568
MPAA,2020-09-30,0.8,154.73
MPAA,2020-06-30,-0.16,95.356
MPAA,2020-03-31,-0.43,150.735
MPAA,2019-12-31,0.05,125.574
MPAA,2019-09-30,0.33,150.374
MPAA,2019-06-30,-0.33,109.148
MPAA,2019-03-31,-0.15,129.077
MPAA,2018-12-31,-0.16,124.113
MPAA,2018-09-30,0.19,127.939
MPAA,2018-06-30,-0.27,92.565
MPAA,2018-03-31,0.48,121.108
MP,2024-12-31,-0.14,60.986
MP,2024-09-30,-0.16,62.927
MP,2024-06-30,-0.21,31.258
MP,2024-03-31,0.09,48.684
MP,2023-12-31,-0.09,41.205
MP,2023-09-30,-0.02,52.516
MP,2023-06-30,0.04,64.024
MP,2023-03-31,0.21,95.7
MP,2022-12-31,0.38,93.245
MP,2022-09-30,0.36,124.445
MP,2022-06-30,0.42,143.562
MP,2022-03-31,0.49,166.258
MP,2021-12-31,0.28,99.109
MP,2021-09-30,0.24,99.754
MP,2021-06-30,0.16,73.118
MP,2021-03-31,0.1,59.971
MP,2020-12-31,0.22,42.178
MP,2020-09-30,0.2,41.022
MP,2020-06-30,-0.92,30.391
MP,2020-03-31,0.026758,20.719
MRCY,2024-12-31,-0.3,223.125
MRCY,2024-09-30,-0.3,204.431
MRCY,2024-06-30,-0.18,248.563
MRCY,2024-03-31,-0.77,208.258
MRCY,2023-12-31,-0.79,197.463
MRCY,2023-09-30,-0.64,180.991
MRCY,2023-06-30,-0.15,253.236
MRCY,2023-03-31,0.09,263.479
MRCY,2022-12-31,-0.19,229.588
MRCY,2022-09-30,-0.26,227.579
MRCY,2022-06-30,0.3,289.729
MRCY,2022-03-31,0.07,253.075
MRCY,2021-12-31,-0.05,220.38
MRCY,2021-09-30,-0.13,225.013
MRCY,2021-06-30,0.32,250.842
MRCY,2021-03-31,0.28,256.857
MRCY,2020-12-31,0.23,210.676
MRCY,2020-09-30,0.29,205.621
MRCY,2020-06-30,0.5,217.377
MRCY,2020-03-31,0.43,208.016
MRCY,2019-12-31,0.29,193.913
MRCY,2019-09-30,0.35,177.304
MRCY,2019-06-30,0.26,176.963
MRCY,2019-03-31,0.3,174.636
MRCY,2018-12-31,0.26,159.089
MRCY,2018-09-30,0.16,144.056
MRCY,2018-06-30,0.22,152.867
MRCY,2018-03-31,0.08,116.336
MT,2024-12-31,-0.51,14714.0
MT,2024-09-30,0.37,15196.0
MT,2024-06-30,0.64,16249.0
MT,2024-03-31,1.16,16282.0
MT,2023-12-31,-3.57,14552.0
MT,2023-09-30,1.11,16616.0
MT,2023-06-30,2.19,18606.0
MT,2023-03-31,1.28,18501.0
MT,2022-12-31,0.3,16891.0
MT,2022-09-30,1.11,18975.0
MT,2022-06-30,4.25,22142.0
MT,2022-03-31,4.28,21836.0
MT,2021-12-31,3.93,20806.0
MT,2021-09-30,4.17,20229.0
MT,2021-06-30,3.46,19343.0
MT,2021-03-31,1.94,16193.0
MT,2020-12-31,1.01,14184.0
MT,2020-09-30,-0.21,13266.0
MT,2020-06-30,-0.5,10976.0
MT,2020-03-31,-1.11,14844.0
MT,2019-12-31,-1.86,15514.0
MT,2019-09-30,-0.53,16634.0
MT,2019-06-30,-0.44,19279.0
MT,2019-03-31,0.41,19188.0
MT,2018-12-31,1.18,18327.0
MT,2018-09-30,0.89,18522.0
MT,2018-06-30,1.84,19998.0
MT,2018-03-31,1.17,19186.0
MUFG,2024-12-31,42.16,1682834.0
MUFG,2024-09-30,60.19,1801938.0
MUFG,2024-06-30,47.5,1742674.0
MUFG,2024-03-31,16.6,1549245.0
MUFG,2023-12-31,30.93,1452950.0
MUFG,2023-09-30,30.67,1480004.0
MUFG,2023-06-30,46.44,1397576.0
MUFG,2023-03-31,63.03,1328859.0
MUFG,2022-12-31,9.19,1503286.0
MUFG,2022-09-30,9.47,1537860.0
MUFG,2022-06-30,9.03,1687227.0
MUFG,2022-03-31,5.0,1286944.0
MUFG,2021-12-31,22.57,1114346.0
MUFG,2021-09-30,31.04,1106641.0
MUFG,2021-06-30,29.83,1195393.0
MUFG,2021-03-31,13.23,1156706.0
MUFG,2020-12-31,16.05,1068319.0
MUFG,2020-09-30,16.93,1117507.0
MUFG,2020-06-30,14.28,1289278.0
MUFG,2020-03-31,-4.29,1103530.0
MUFG,2019-12-31,-1.95,1149509.0
MUFG,2019-09-30,16.927442,1233524.0
MUFG,2019-06-30,30.262558,1212939.0
MUFG,2019-03-31,0.23,745884.0
MUFG,2018-12-31,24.52,1816606.0
MUFG,2018-09-30,18.173251,542701.0
MUFG,2018-06-30,23.986749,1194506.0
MUFG,2018-03-31,27.54,97293.0
MWA,2024-12-31,0.23,304.3
MWA,2024-09-30,0.06,348.2
MWA,2024-06-30,0.3,356.7
MWA,2024-03-31,0.28,353.4
MWA,2023-12-31,0.09,256.4
MWA,2023-09-30,0.11,301.4
MWA,2023-06-30,0.16,326.6
MWA,2023-03-31,0.14,332.9
MWA,2022-12-31,0.14,314.8
MWA,2022-09-30,0.05,331.4
MWA,2022-06-30,0.17,333.2
MWA,2022-03-31,0.15,310.5
MWA,2021-12-31,0.12,272.3
MWA,2021-09-30,0.12,295.6
MWA,2021-06-30,0.09,310.5
MWA,2021-03-31,0.13,267.5
MWA,2020-12-31,0.11,237.4
MWA,2020-09-30,0.17,265.3
MWA,2020-06-30,0.07,228.5
MWA,2020-03-31,0.15,257.7
MWA,2019-12-31,0.07,212.6
MWA,2019-09-30,0.26,266.9
MWA,2019-06-30,0.21,274.3
MWA,2019-03-31,0.07,234.0
MWA,2018-12-31,-0.13,192.8
MWA,2018-09-30,0.16,254.3
MWA,2018-06-30,0.1,250.2
MWA,2018-03-31,0.06,233.2
NATH,2024-12-31,1.1,31.519
NATH,2024-09-30,1.48,41.109
NATH,2024-06-30,2.27,44.767
NATH,2024-03-31,0.96,28.991
NATH,2023-12-31,0.64,28.89
NATH,2023-09-30,1.399755,38.744
NATH,2023-06-30,1.81,41.985
NATH,2023-03-31,0.8,27.414
NATH,2022-12-31,0.8,26.154
NATH,2022-09-30,1.46,37.497
NATH,2022-06-30,1.74,39.72
NATH,2022-03-31,0.52,24.772
NATH,2021-12-31,0.52,25.913
NATH,2021-09-30,0.86,32.878
NATH,2021-06-30,1.4,31.319
NATH,2021-03-31,0.5,18.284
NATH,2020-12-31,0.33,18.03
NATH,2020-09-30,0.89,21.839
NATH,2020-06-30,0.97,17.686
NATH,2020-03-31,0.76,21.705
NATH,2019-12-31,0.29,21.376
NATH,2019-09-30,0.87,29.726
NATH,2019-06-30,1.28,30.518
NATH,2019-03-31,0.59,22.129
NATH,2018-12-31,2.32,20.222
NATH,2018-09-30,1.07,29.33
NATH,2018-06-30,1.15,30.168
NATH,2018-03-31,0.09,19.594
NI,2024-12-31,0.48,1587.8
NI,2024-09-30,0.19,1076.3
NI,2024-06-30,0.19,1084.7
NI,2024-03-31,0.77,1706.3
NI,2023-12-31,0.54,1422.0
NI,2023-09-30,0.19,1027.4
NI,2023-06-30,0.1,1090.0
NI,2023-03-31,0.77,1966.0
NI,2022-12-31,0.56,1704.6
NI,2022-09-30,0.13,1089.5
NI,2022-06-30,0.13,1183.2
NI,2022-03-31,1.02,1873.3
NI,2021-12-31,0.39,1408.6
NI,2021-09-30,0.13,959.4
NI,2021-06-30,0.12,986.0
NI,2021-03-31,0.72,1545.6
NI,2020-12-31,0.18,1211.0
NI,2020-09-30,-0.49,902.5
NI,2020-06-30,-0.05,962.7
NI,2020-03-31,0.16,1605.5
NI,2019-12-31,-0.41,1397.2
NI,2019-09-30,-0.02,931.5
NI,2019-06-30,0.76,1010.4
NI,2019-03-31,0.55,1869.8
NI,2018-12-31,-0.05,1461.7
NI,2018-09-30,-0.95,895.0
NI,2018-06-30,0.07,1007.0
NI,2018-03-31,0.82,1750.8
NOK,2024-09-30,0.032072,4326.0
NOK,2024-06-30,-0.03,4466.0
NOK,2024-03-31,0.08,4667.0
NOK,2023-12-31,-0.01,5707.0
NOK,2023-09-30,0.03,4982.0
NOK,2023-06-30,0.05,5710.0
NOK,2023-03-31,0.05,5859.0
NOK,2022-12-31,0.56,7449.0
NOK,2022-09-30,0.08,6241.0
NOK,2022-06-30,0.08,5873.0
NOK,2022-03-31,0.04,5348.0
NOK,2021-12-31,0.12,6414.0
NOK,2021-09-30,0.06,5399.0
NOK,2021-06-30,0.06,5313.0
NOK,2021-03-31,0.05,5076.0
NOK,2020-12-31,-0.46,6553.0
NOK,2020-09-30,0.03,5294.0
NOK,2020-06-30,0.02,5092.0
NOK,2020-03-31,-0.02,4913.0
NOK,2019-12-31,0.1,6903.0
NOK,2019-09-30,0.01,5686.0
NOK,2019-06-30,-0.03,5694.0
NOK,2019-03-31,-0.08,5032.0
NOK,2018-12-31,0.03,6868.0
NOK,2018-09-30,-0.01,5458.0
NOK,2018-06-30,-0.05,5313.0
NOK,2018-03-31,-0.03,4924.0
ODC,2025-01-31,0.95,116.914
ODC,2024-10-31,1.215,127.945
ODC,2024-07-31,0.63,113.702
ODC,2024-04-30,0.575,106.779
ODC,2024-01-31,0.92,105.668
ODC,2023-10-31,0.805,111.438
ODC,2023-07-31,0.895,107.388
ODC,2023-04-30,0.64,105.425
ODC,2023-01-31,0.29,101.669
ODC,2022-10-31,0.4,98.539
ODC,2022-07-31,0.395,93.158
ODC,2022-04-30,-0.16,85.761
ODC,2022-01-31,0.145,87.21
ODC,2021-10-31,0.04,82.46
ODC,2021-07-31,0.045,78.129
ODC,2021-04-30,0.16,76.255
ODC,2021-01-31,0.31,74.5
ODC,2020-10-31,0.285,76.097
ODC,2020-07-31,0.425,64.844
ODC,2020-04-30,0.33,76.256
ODC,2020-01-31,0.34,71.005
ODC,2019-10-31,0.255,71.122
ODC,2019-07-31,0.27,70.117
ODC,2019-04-30,0.405,70.885
ODC,2019-01-31,0.165,69.88
ODC,2018-10-31,0.065,66.143
ODC,2018-07-31,0.2,65.613
ODC,2018-04-30,0.265,64.847
OVBC,2024-09-30,0.58,15.435
OVBC,2024-06-30,0.63,14.664
OVBC,2024-03-31,0.58,14.886
OVBC,2023-12-31,0.68,14.896
OVBC,2023-09-30,0.47,13.944
OVBC,2023-06-30,0.68,14.327
OVBC,2023-03-31,0.82,15.489
OVBC,2022-12-31,0.74,13.581
OVBC,2022-09-30,0.77,14.46
OVBC,2022-06-30,0.42,13.189
OVBC,2022-03-31,0.87,13.71
OVBC,2021-12-31,0.48,11.798
OVBC,2021-09-30,0.63,12.971
OVBC,2021-06-30,0.6,12.721
OVBC,2021-03-31,0.74,13.387
OVBC,2020-12-31,0.98,12.414
OVBC,2020-09-30,0.48,12.516
OVBC,2020-06-30,0.47,12.044
OVBC,2020-03-31,0.21,12.446
OVBC,2019-12-31,0.73,12.34
OVBC,2019-09-30,0.45,12.733
OVBC,2019-06-30,0.65,12.656
OVBC,2019-03-31,0.25,13.233
OVBC,2018-12-31,0.82,12.21
OVBC,2018-09-30,0.37,12.69
OVBC,2018-06-30,0.63,13.178
OVBC,2018-03-31,0.71,14.586
PAAS,2024-12-31,0.3,815.1
PAAS,2024-09-30,0.16,716.1
PAAS,2024-06-30,-0.06,686.3
PAAS,2024-03-31,-0.08,601.4
PAAS,2023-12-31,-0.15,669.6
PAAS,2023-09-30,-0.06,616.3
PAAS,2023-06-30,-0.13,639.9
PAAS,2023-03-31,0.08,390.3
PAAS,2022-12-31,-0.82,375.472
PAAS,2022-09-30,-0.34,338.889
PAAS,2022-06-30,-0.83,340.469
PAAS,2022-03-31,0.36,439.888
PAAS,2021-12-31,0.07,422.17
PAAS,2021-09-30,0.1,460.349
PAAS,2021-06-30,0.34,382.132
PAAS,2021-03-31,-0.04,368.099
PAAS,2020-12-31,0.8,430.461
PAAS,2020-09-30,0.31,300.414
PAAS,2020-06-30,0.1,249.509
PAAS,2020-03-31,-0.37,358.428
PAAS,2019-12-31,0.25,404.379
PAAS,2019-09-30,0.18,352.187
PAAS,2019-06-30,0.09,282.948
PAAS,2019-03-31,0.19,232.643
PAAS,2018-12-31,-0.42,173.357
PAAS,2018-09-30,-0.06,187.717
PAAS,2018-06-30,0.24,216.46
PAAS,2018-03-31,0.31,206.961
PBHC,2024-09-30,-0.75,13.167
PBHC,2024-06-30,0.32,10.459
PBHC,2024-03-31,0.34,10.852
PBHC,2023-12-31,0.41,10.261
PBHC,2023-09-30,0.35,10.98
PBHC,2023-06-30,0.32,10.536
PBHC,2023-03-31,0.43,11.299
PBHC,2022-12-31,0.58,13.064
PBHC,2022-09-30,0.52,11.712
PBHC,2022-06-30,0.54,11.019
PBHC,2022-03-31,0.49,10.866
PBHC,2021-12-31,0.64,10.937
PBHC,2021-09-30,0.56,11.11
PBHC,2021-06-30,0.5,11.455
PBHC,2021-03-31,0.36,9.998
PBHC,2020-12-31,0.327273,9.402
PBHC,2020-09-30,0.25,9.689
PBHC,2020-06-30,0.31,8.959
PBHC,2020-03-31,0.29,9.335
PBHC,2019-12-31,0.32,8.893
PBHC,2019-09-30,0.22,8.301
PBHC,2019-06-30,0.11,7.696
PBHC,2019-03-31,0.12,7.441
PBHC,2018-12-31,0.26,6.611
PBHC,2018-09-30,0.23,7.336
PBHC,2018-06-30,0.23,7.491
PBHC,2018-03-31,0.24,7.288
PBI,2024-12-31,-0.2,516.121
PBI,2024-09-30,-0.77,499.463
PBI,2024-06-30,-0.14,793.17
PBI,2024-03-31,-0.02,830.509
PBI,2023-12-31,-1.27,871.578
PBI,2023-09-30,-0.07,783.751
PBI,2023-06-30,-0.81,776.481
PBI,2023-03-31,-0.04,834.538
PBI,2022-12-31,0.04,908.691
PBI,2022-09-30,0.03,830.914
PBI,2022-06-30,0.02,871.495
PBI,2022-03-31,0.12,926.942
PBI,2021-12-31,0.01,983.712
PBI,2021-09-30,0.05,875.449
PBI,2021-06-30,0.11,899.203
PBI,2021-03-31,-0.18,915.197
PBI,2020-12-31,0.11,1028.417
PBI,2020-09-30,0.07,891.898
PBI,2020-06-30,-0.02,837.492
PBI,2020-03-31,-1.22,796.268
PBI,2019-12-31,1.04,831.343
PBI,2019-09-30,-0.02,790.125
PBI,2019-06-30,0.13,860.779
PBI,2019-03-31,-0.01,868.402
PBI,2018-12-31,0.24,947.14
PBI,2018-09-30,0.41,832.856
PBI,2018-06-30,0.26,861.436
PBI,2018-03-31,0.29,983.182
PDCO,2025-01-31,0.35,1572.411
PDCO,2024-10-31,0.3,1674.375
PDCO,2024-07-31,0.16,1541.742
PDCO,2024-04-30,0.75,1722.66
PDCO,2024-01-31,0.52,1616.095
PDCO,2023-10-31,0.42,1652.772
PDCO,2023-07-31,0.33,1576.745
PDCO,2023-04-30,0.77,1721.152
PDCO,2023-01-31,0.55,1600.85
PDCO,2022-10-31,0.56,1626.204
PDCO,2022-07-31,0.25,1523.265
PDCO,2022-04-30,0.66,1638.772
PDCO,2022-01-31,0.58,1596.596
PDCO,2021-10-31,0.5,1649.161
PDCO,2021-07-31,0.35,1614.876
PDCO,2021-04-30,0.3,1561.793
PDCO,2021-01-31,0.51,1551.268
PDCO,2020-10-31,0.57,1553.168
PDCO,2020-07-31,0.26,1245.837
PDCO,2020-04-30,-6.44,1286.461
PDCO,2020-01-31,0.25,1456.155
PDCO,2019-10-31,-0.35,1418.744
PDCO,2019-07-31,0.32,1328.651
PDCO,2019-04-30,0.3,1436.706
PDCO,2019-01-31,0.34,1396.745
PDCO,2018-10-31,0.31,1404.752
PDCO,2018-07-31,-0.05,1336.32
PDCO,2018-04-30,0.23,1400.609
PDEX,2024-12-31,0.63,16.793
PDEX,2024-09-30,0.76,14.892
PDEX,2024-06-30,0.46,15.025
PDEX,2024-03-31,0.19,14.293
PDEX,2023-12-31,0.14,12.588
PDEX,2023-09-30,-0.17,11.938
PDEX,2023-06-30,0.42,10.639
PDEX,2023-03-31,0.37,13.079
PDEX,2022-12-31,0.25,11.282
PDEX,2022-09-30,0.3,11.087
PDEX,2022-06-30,0.39,12.615
PDEX,2022-03-31,0.13,9.265
PDEX,2021-12-31,0.25,10.173
PDEX,2021-09-30,0.29,9.988
PDEX,2021-06-30,0.23,9.435
PDEX,2021-03-31,0.52,11.739
PDEX,2020-12-31,0.09,8.265
PDEX,2020-09-30,0.33,8.59
PDEX,2020-06-30,0.67,11.124
PDEX,2020-03-31,0.31,8.508
PDEX,2019-12-31,0.32,7.961
PDEX,2019-09-30,0.28,7.24
PDEX,2019-06-30,0.22,7.004
PDEX,2019-03-31,0.18,6.854
PDEX,2018-12-31,0.28,6.399
PDEX,2018-09-30,0.31,6.916
PDEX,2018-06-30,0.04,6.248
PDEX,2018-03-31,0.11,5.494
PLMR,2024-12-31,1.32,155.64
PLMR,2024-09-30,1.18,148.355
PLMR,2024-06-30,1.03,131.314
PLMR,2024-03-31,1.06,118.535
PLMR,2023-12-31,1.05,105.394
PLMR,2023-09-30,0.75,90.935
PLMR,2023-06-30,0.71,90.396
PLMR,2023-03-31,0.69,89.202
PLMR,2022-12-31,0.74,88.625
PLMR,2022-09-30,0.17,80.692
PLMR,2022-06-30,0.58,79.66
PLMR,2022-03-31,0.57,78.11
PLMR,2021-12-31,0.65,73.171
PLMR,2021-09-30,0.01,67.661
PLMR,2021-06-30,0.48,57.715
PLMR,2021-03-31,0.65,49.244
PLMR,2020-12-31,-0.07,42.296
PLMR,2020-09-30,-0.62,44.998
PLMR,2020-06-30,0.49,43.149
PLMR,2020-03-31,0.49,38.019
PLMR,2019-12-31,0.46,34.622
PLMR,2019-09-30,0.32,30.461
PLMR,2019-06-30,0.3,25.905
PLMR,2019-03-31,-0.63695,22.307
PLMR,2018-12-31,0.182409,15.642
PLMR,2018-09-30,0.069215,18.916
PLMR,2018-06-30,0.306475,19.892
PLMR,2018-03-31,0.24716,18.523
PLYA,2024-12-31,0.07,218.942
PLYA,2024-09-30,-0.02,183.517
PLYA,2024-06-30,0.1,235.475
PLYA,2024-03-31,0.4,300.635
PLYA,2023-12-31,0.01,242.517
PLYA,2023-09-30,-0.07,213.145
PLYA,2023-06-30,0.14,248.04
PLYA,2023-03-31,0.27,273.802
PLYA,2022-12-31,-0.09,210.8
PLYA,2022-09-30,-0.01,204.622
PLYA,2022-06-30,0.18,221.267
PLYA,2022-03-31,0.26,219.574
PLYA,2021-12-31,0.00123,176.803
PLYA,2021-09-30,-0.08,151.287
PLYA,2021-06-30,-0.05,128.803
PLYA,2021-03-31,-0.43,77.746
PLYA,2020-12-31,-0.55,66.243
PLYA,2020-09-30,-0.58,28.736
PLYA,2020-06-30,-0.67,0.982
PLYA,2020-03-31,-0.17,177.228
PLYA,2019-12-31,-0.14,143.833
PLYA,2019-09-30,-0.23,132.825
PLYA,2019-06-30,0.01,164.023
PLYA,2019-03-31,0.33,195.796
PLYA,2018-12-31,-0.11,151.782
PLYA,2018-09-30,-0.04,142.812
PLYA,2018-06-30,0.143784,145.572
PLYA,2018-03-31,0.2,176.847
PM,2024-12-31,-0.38,9706.0
PM,2024-09-30,1.98,9911.0
PM,2024-06-30,1.54,9468.0
PM,2024-03-31,1.38,8793.0
PM,2023-12-31,1.41,9047.0
PM,2023-09-30,1.32,9141.0
PM,2023-06-30,1.01,8967.0
PM,2023-03-31,1.28,8019.0
PM,2022-12-31,1.54,8152.0
PM,2022-09-30,1.34,8032.0
PM,2022-06-30,1.44,7832.0
PM,2022-03-31,1.5,7746.0
PM,2021-12-31,1.34,8104.0
PM,2021-09-30,1.55,8122.0
PM,2021-06-30,1.39,7594.0
PM,2021-03-31,1.55,7585.0
PM,2020-12-31,1.27,7444.0
PM,2020-09-30,1.48,7446.0
PM,2020-06-30,1.25,6651.0
PM,2020-03-31,1.17,7153.0
PM,2019-12-31,1.04,7713.0
PM,2019-09-30,1.22,7642.0
PM,2019-06-30,1.49,7699.0
PM,2019-03-31,0.87,6751.0
PM,2018-12-31,1.23,7499.0
PM,2018-09-30,1.44,7504.0
PM,2018-06-30,1.41,7726.0
PM,2018-03-31,1.0,6896.0
PTCT,2024-12-31,-0.85,213.172
PTCT,2024-09-30,-1.39,196.786
PTCT,2024-06-30,-1.29,186.704
PTCT,2024-03-31,-1.2,210.118
PTCT,2023-12-31,-2.06,307.056
PTCT,2023-09-30,-1.76,196.576
PTCT,2023-06-30,-2.66,213.808
PTCT,2023-03-31,-1.88,220.382
PTCT,2022-12-31,-2.35,167.412
PTCT,2022-09-30,-1.53,217.127
PTCT,2022-06-30,-2.13,165.526
PTCT,2022-03-31,-1.78,148.735
PTCT,2021-12-31,-2.03,165.229
PTCT,2021-09-30,-1.89,138.743
PTCT,2021-06-30,-1.68,116.676
PTCT,2021-03-31,-1.83,117.942
PTCT,2020-12-31,-1.05,118.864
PTCT,2020-09-30,-1.03,118.404
PTCT,2020-06-30,-2.78,75.239
PTCT,2020-03-31,-1.81,68.259
PTCT,2019-12-31,-1.37,96.459
PTCT,2019-09-30,-1.06,71.416
PTCT,2019-06-30,-0.75,85.522
PTCT,2019-03-31,-1.29,53.583
PTCT,2018-12-31,-0.96,86.338
PTCT,2018-09-30,-1.06,53.591
PTCT,2018-06-30,-0.21,68.743
PTCT,2018-03-31,-0.46,56.062
PTVE,2024-12-31,0.27,1225.0
PTVE,2024-09-30,-1.18,1333.0
PTVE,2024-06-30,0.11,1338.0
PTVE,2024-03-31,0.04,1252.0
PTVE,2023-12-31,0.12,1274.0
PTVE,2023-09-30,0.16,1379.0
PTVE,2023-06-30,-0.78,1426.0
PTVE,2023-03-31,-0.76,1431.0
PTVE,2022-12-31,0.15,1476.0
PTVE,2022-09-30,0.99,1609.0
PTVE,2022-06-30,0.41,1640.0
PTVE,2022-03-31,0.24,1495.0
PTVE,2021-12-31,0.17,1527.0
PTVE,2021-09-30,0.0,1394.0
PTVE,2021-06-30,0.04,1352.0
PTVE,2021-03-31,-0.09,1164.0
PTVE,2020-12-31,0.1,1175.0
PTVE,2020-09-30,-2.59,1195.0
PTVE,2020-06-30,-1.230594,1569.0
PTVE,2020-03-31,1.90856,1690.0
PTVE,2019-12-31,-1.578123,2473.0
PTVE,2019-09-30,0.227888,2408.0
PTVE,2019-06-30,0.432987,2648.0
PTVE,2019-03-31,0.387409,2471.0
PTVE,2018-12-31,-1.350235,2727.0
PTVE,2018-09-30,1.133742,2693.0
PTVE,2018-06-30,0.313346,2739.0
PTVE,2018-03-31,-0.136733,2501.0
PYCR,2024-12-31,-0.01,180.438
PYCR,2024-09-30,-0.04,167.476
PYCR,2024-06-30,-0.1,164.8
PYCR,2024-03-31,0.03,187.019
PYCR,2023-12-31,-0.15,159.541
PYCR,2023-09-30,-0.12,143.588
PYCR,2023-06-30,-0.17,140.043
PYCR,2023-03-31,-0.04,161.482
PYCR,2022-12-31,-0.16,132.864
PYCR,2022-09-30,-0.17,118.303
PYCR,2022-06-30,-0.14,110.991
PYCR,2022-03-31,-0.1,122.597
PYCR,2021-12-31,-0.15,103.067
PYCR,2021-09-30,-0.32,92.732
PYCR,2021-06-30,-0.191532,88.013
PYCR,2021-03-31,-0.124499,99.839
PYCR,2020-12-31,-0.157231,85.864
PYCR,2020-09-30,-0.151114,79.061
PYCR,2020-06-30,-0.16,73.36
RAND,2024-12-31,-1.14,-2.416552
RAND,2024-09-30,0.888238,2.737506
RAND,2024-06-30,2.612466,8.034273
RAND,2024-03-31,0.470244,1.8221
RAND,2023-12-31,0.365745,1.540205
RAND,2023-09-30,0.200289,1.020204
RAND,2023-06-30,0.905655,2.988913
RAND,2023-03-31,0.73149,2.523329
RAND,2022-12-31,0.113207,0.824665
RAND,2022-09-30,0.374453,1.375229
RAND,2022-06-30,-0.6357,-1.529111
RAND,2022-03-31,-0.139332,-0.065674
RAND,2021-12-31,0.322204,1.035395
RAND,2021-09-30,0.78374,2.494185
RAND,2021-06-30,1.51523,4.744646
RAND,2021-03-31,2.708256,8.316623
RAND,2020-12-31,-0.165456,-0.132261
RAND,2020-09-30,0.087082,0.462293
RAND,2020-06-30,0.174164,0.653801
RAND,2020-03-31,0.235122,2.056387
RAND,2019-12-31,2.351222,2.03978
RAND,2019-09-30,-3.605207,-3.22633
RAND,2019-06-30,-1.645855,-0.982445
RAND,2019-03-31,0.548618,1.173672
RAND,2018-12-31,1.175611,1.701416
RAND,2018-09-30,-0.235122,0.341602
RAND,2018-06-30,-0.783741,-0.420192
RAND,2018-03-31,-0.626992,-0.166249
SAN,2024-12-31,0.2,15812.0
SAN,2024-09-30,0.2,14941.0
SAN,2024-06-30,0.2,15490.0
SAN,2024-03-31,0.17,16481.0
SAN,2023-12-31,0.18,14401.0
SAN,2023-09-30,0.17,14695.0
SAN,2023-06-30,0.16,13918.0
SAN,2023-03-31,0.15,14557.0
SAN,2022-12-31,0.13,13322.0
SAN,2022-09-30,0.137,13285.0
SAN,2022-06-30,0.131,12636.0
SAN,2022-03-31,0.14,12623.0
SAN,2021-12-31,0.128,12396.0
SAN,2021-09-30,0.11,12156.0
SAN,2021-06-30,0.12,12075.0
SAN,2021-03-31,0.08,11779.0
SAN,2020-12-31,0.00825,11792.0
SAN,2020-09-30,0.095833,11416.0
SAN,2020-06-30,-0.653583,11370.0
SAN,2020-03-31,0.0115,12179.0
SAN,2019-12-31,0.153333,12898.0
SAN,2019-09-30,0.021083,12693.0
SAN,2019-06-30,0.076667,13042.0
SAN,2019-03-31,0.095833,12398.0
SAN,2018-12-31,0.114042,12993.0
SAN,2018-09-30,0.105417,11907.0
SAN,2018-06-30,0.095833,12433.0
SAN,2018-03-31,0.115,12353.0
SENEA,2024-12-31,2.12,502.856
SENEA,2024-09-30,1.92,425.465
SENEA,2024-06-30,1.82,304.727
SENEA,2024-03-31,-0.22,307.983
SENEA,2023-12-31,2.47,444.481
SENEA,2023-09-30,3.32,407.475
SENEA,2023-06-30,3.04,298.664
SENEA,2023-03-31,-1.13,331.063
SENEA,2022-12-31,2.77,473.254
SENEA,2022-09-30,2.05,439.842
SENEA,2022-06-30,0.62,265.193
SENEA,2022-03-31,0.81,332.389
SENEA,2021-12-31,2.16,445.593
SENEA,2021-09-30,1.32,372.256
SENEA,2021-06-30,1.56,235.042
SENEA,2021-03-31,1.64,304.793
SENEA,2020-12-31,7.96,484.392
SENEA,2020-09-30,1.98,390.294
SENEA,2020-06-30,2.26,288.165
SENEA,2020-03-31,2.29,307.871
SENEA,2019-12-31,2.75,392.971
SENEA,2019-09-30,0.5,370.002
SENEA,2019-06-30,0.12,264.925
SENEA,2019-03-31,-0.89,262.59
SENEA,2018-12-31,1.45,372.238
SENEA,2018-09-30,0.93,320.66
SENEA,2018-06-30,-0.9,343.392
SENEA,2018-03-31,-1.46,265.556
SE,2024-09-30,0.26,4328.233
SE,2024-06-30,0.14,3806.868
SE,2024-03-31,-0.04,3734.329
SE,2023-12-31,-0.19,3616.628
SE,2023-09-30,-0.26,3310.168
SE,2023-06-30,0.57,3095.66
SE,2023-03-31,0.16,3041.104
SE,2022-12-31,0.76,3451.584
SE,2022-09-30,-1.013417,3155.951
SE,2022-06-30,-1.657711,2942.599
SE,2022-03-31,-1.04,2899.571
SE,2021-12-31,-1.12,3222.114
SE,2021-09-30,-1.07,2688.884
SE,2021-06-30,-0.83,2280.548
SE,2021-03-31,-0.82,1763.644
SE,2020-12-31,-1.06,1566.55
SE,2020-09-30,-0.87,1212.16
SE,2020-06-30,-0.83204,882.034
SE,2020-03-31,-0.61,714.92
SE,2019-12-31,-0.62,777.224
SE,2019-09-30,-0.444899,610.137
SE,2019-06-30,-0.629474,436.151
SE,2019-03-31,-1.86,351.866
SE,2018-12-31,-0.81,283.224
SE,2018-09-30,-0.650744,204.921
SE,2018-06-30,-0.748553,183.779
SE,2018-03-31,-0.64,155.044
SJT,2024-09-30,0.0,0.0
SJT,2024-06-30,0.022864,1.854914
SJT,2024-03-31,0.087806,5.09106
SJT,2023-12-31,0.077927,3.983993
SJT,2023-09-30,0.084685,4.320039
SJT,2023-06-30,0.173518,8.519333
SJT,2023-03-31,0.771771,36.416704
SJT,2022-12-31,0.617387,29.049798
SJT,2022-09-30,0.45295,21.345765
SJT,2022-06-30,0.286277,13.722931
SJT,2022-03-31,0.308294,14.890491
SJT,2021-12-31,0.329957,15.786129
SJT,2021-09-30,0.121735,6.059606
SJT,2021-06-30,0.153748,7.565789
SJT,2021-03-31,0.166304,8.212088
SJT,2020-12-31,0.047522,2.805143
SJT,2020-09-30,0.0,0.0
SJT,2020-06-30,0.012557,0.970722
SJT,2020-03-31,0.099085,5.068407
SJT,2019-12-31,0.001704,0.941778
SJT,2019-09-30,0.0,0.0
SJT,2019-06-30,0.04284,2.408205
SJT,2019-03-31,0.12905,6.549564
SJT,2018-12-31,0.137028,6.82878
SJT,2018-09-30,0.060718,3.001153
SJT,2018-06-30,0.054322,2.99052
SJT,2018-03-31,0.13361,6.646813
SJT,2017-12-31,0.21811,10.557768
SKE,2024-09-30,-0.8,0.0
SKE,2024-06-30,-0.38,0.0
SKE,2024-03-31,-0.3,0.0
SKE,2023-12-31,-0.37,0.0
SKE,2023-09-30,-0.45,0.0
SKE,2023-06-30,-0.24,0.0
SKE,2023-03-31,-0.22,0.0
SKE,2022-12-31,-0.2,0.0
SKE,2022-09-30,-0.41,0.0
SKE,2022-06-30,-0.36,0.0
SKE,2022-03-31,-0.29,0.0
SKE,2021-12-31,-0.52,0.0
SKE,2021-09-30,-0.46,0.0
SKE,2021-06-30,-0.46,0.0
SKE,2021-03-31,-0.72,0.0
SKE,2020-12-31,-0.8,0.0
SKE,2020-09-30,-0.4,0.0
SKE,2020-06-30,-0.04,0.0
SKE,2020-03-31,-0.16,0.0
SKE,2019-12-31,-0.48,0.0
SKE,2019-09-30,-0.32,0.0
SKE,2019-06-30,-0.12,0.0
SKE,2019-03-31,-0.08,0.0
SKE,2018-12-31,-0.2,0.0
SKE,2018-09-30,-0.12,0.0
SKE,2018-06-30,-0.2,0.0
SKE,2018-03-31,-0.143195,0.0
SONY,2024-12-31,62.07,4409574.0
SONY,2024-09-30,55.93,2905597.0
SONY,2024-06-30,37.98,3011649.0
SONY,2024-03-31,30.824,3480966.0
SONY,2023-12-31,59.134,3747527.0
SONY,2023-09-30,32.442,2828623.0
SONY,2023-06-30,35.252,2963652.0
SONY,2023-03-31,20.766,3063550.0
SONY,2022-12-31,52.912,3412914.0
SONY,2022-09-30,42.686,2751879.0
SONY,2022-06-30,35.292,2311494.0
SONY,2022-03-31,17.942,2263986.0
SONY,2021-12-31,55.846,3031319.0
SONY,2021-09-30,34.37,2369365.0
SONY,2021-06-30,34.19,2256843.0
SONY,2021-03-31,17.282,2220419.0
SONY,2020-12-31,60.218,2696536.0
SONY,2020-09-30,74.868,2113486.0
SONY,2020-06-30,38.218,1968919.0
SONY,2020-03-31,2.066,1748740.0
SONY,2019-12-31,37.404,2463162.0
SONY,2019-09-30,30.378,2122259.0
SONY,2019-06-30,24.356,1925724.0
SONY,2019-03-31,13.936,2127498.0
SONY,2018-12-31,67.594,2401805.0
SONY,2018-09-30,27.276,2182760.0
SONY,2018-06-30,35.732,1953624.0
SONY,2018-03-31,-2.688,1951021.0
SSRM,2024-12-31,0.03,323.187
SSRM,2024-09-30,0.05,257.356
SSRM,2024-06-30,0.05,184.841
SSRM,2024-03-31,-1.42,230.234
SSRM,2023-12-31,-1.06,425.897
SSRM,2023-09-30,0.07,385.39
SSRM,2023-06-30,0.37,301.026
SSRM,2023-03-31,0.14,314.614
SSRM,2022-12-31,0.44,306.377
SSRM,2022-09-30,-0.12,166.627
SSRM,2022-06-30,0.28,319.583
SSRM,2022-03-31,0.32,355.446
SSRM,2021-12-31,0.94,407.919
SSRM,2021-09-30,0.27,322.846
SSRM,2021-06-30,0.25,376.95
SSRM,2021-03-31,0.24,366.484
SSRM,2020-12-31,0.53,370.729
SSRM,2020-09-30,0.19,225.412
SSRM,2020-06-30,-0.05,92.485
SSRM,2020-03-31,0.19,164.463
SSRM,2019-12-31,0.16,177.603
SSRM,2019-09-30,0.17,147.848
SSRM,2019-06-30,0.09,155.149
SSRM,2019-03-31,0.05,126.25
SSRM,2018-12-31,-0.03,103.712
SSRM,2018-09-30,0.05,115.033
SSRM,2018-06-30,0.04,104.028
SSRM,2018-03-31,-0.01,97.902
TBRG,2024-09-30,-0.66,83.83
TBRG,2024-06-30,-0.34,84.73
TBRG,2024-03-31,-0.17,83.247
TBRG,2023-12-31,-2.92,85.868
TBRG,2023-09-30,-0.24,82.712
TBRG,2023-06-30,-0.2,84.622
TBRG,2023-03-31,0.21,86.233
TBRG,2022-12-31,0.17,83.224
TBRG,2022-09-30,0.15,82.827
TBRG,2022-06-30,0.21,82.726
TBRG,2022-03-31,0.55,77.871
TBRG,2021-12-31,0.37,74.0
TBRG,2021-09-30,0.19,70.091
TBRG,2021-06-30,0.42,68.533
TBRG,2021-03-31,0.29,68.005
TBRG,2020-12-31,0.22,66.849
TBRG,2020-09-30,0.36,68.333
TBRG,2020-06-30,0.12,59.549
TBRG,2020-03-31,0.28,69.757
TBRG,2019-12-31,0.78,70.638
TBRG,2019-09-30,0.29,68.699
TBRG,2019-06-30,0.12,66.156
TBRG,2019-03-31,0.24,69.141
TBRG,2018-12-31,0.54,72.326
TBRG,2018-09-30,0.41,69.297
TBRG,2018-06-30,0.02,67.905
TBRG,2018-03-31,0.29,70.882
TGI,2024-12-31,0.19,315.556
TGI,2024-09-30,0.15,287.495
TGI,2024-06-30,-0.18,281.016
TGI,2024-03-31,7.12,358.587
TGI,2023-12-31,-0.2,284.955
TGI,2023-09-30,-0.02,354.061
TGI,2023-06-30,-0.27,327.145
TGI,2023-03-31,-0.27,393.289
TGI,2022-12-31,0.17,328.855
TGI,2022-09-30,1.64,307.6
TGI,2022-06-30,-0.16,349.384
TGI,2022-03-31,-0.16,386.651
TGI,2021-12-31,0.11,319.249
TGI,2021-09-30,-0.14,357.396
TGI,2021-06-30,-0.47,396.646
TGI,2021-03-31,-1.27,466.833
TGI,2020-12-31,-1.3,425.994
TGI,2020-09-30,-0.64,481.815
TGI,2020-06-30,-5.35,495.077
TGI,2020-03-31,-1.5,693.11
TGI,2019-12-31,-0.27,704.666
TGI,2019-09-30,0.85,772.11
TGI,2019-06-30,0.36,730.231
TGI,2019-03-31,-4.01,869.027
TGI,2018-12-31,-0.62,807.895
TGI,2018-09-30,-0.3,855.108
TGI,2018-06-30,-1.54,832.9
TGI,2018-03-31,-6.04,896.86
TGTX,2024-12-31,0.16,108.185
TGTX,2024-09-30,0.03,83.879
TGTX,2024-06-30,0.05,73.466
TGTX,2024-03-31,-0.07,63.474
TGTX,2023-12-31,-0.1,43.971
TGTX,2023-09-30,0.8,165.815
TGTX,2023-06-30,-0.34,16.074
TGTX,2023-03-31,-0.28,7.803
TGTX,2022-12-31,-0.39,0.08
TGTX,2022-09-30,-0.26,0.094
TGTX,2022-06-30,-0.3,0.594
TGTX,2022-03-31,-0.51,2.016
TGTX,2021-12-31,-0.7,2.321
TGTX,2021-09-30,-0.65,2.03
TGTX,2021-06-30,-0.59,1.545
TGTX,2021-03-31,-0.69,0.793
TGTX,2020-12-31,-0.71,0.038
TGTX,2020-09-30,-0.73,0.038
TGTX,2020-06-30,-0.47,0.038
TGTX,2020-03-31,-0.48,0.038
TGTX,2019-12-31,-0.44,0.038
TGTX,2019-09-30,-0.69,0.038
TGTX,2019-06-30,-0.42,0.038
TGTX,2019-03-31,-0.43,0.038
TGTX,2018-12-31,-0.69,0.038
TGTX,2018-09-30,-0.43,0.038
TGTX,2018-06-30,-0.59,0.038
TGTX,2018-03-31,-0.59,0.038
TIGO,2024-09-30,0.3,1431.0
TIGO,2024-06-30,0.46,1458.0
TIGO,2024-03-31,0.54,1487.0
TIGO,2023-12-31,-0.37,1475.0
TIGO,2023-09-30,0.0,1424.0
TIGO,2023-06-30,-0.13,1393.0
TIGO,2023-03-31,0.02,1369.0
TIGO,2022-12-31,0.33,1382.0
TIGO,2022-09-30,-0.18,1388.0
TIGO,2022-06-30,1.14,1447.0
TIGO,2022-03-31,0.180567,1408.0
TIGO,2021-12-31,5.032321,1347.0
TIGO,2021-09-30,0.039254,1093.0
TIGO,2021-06-30,-0.769372,1089.0
TIGO,2021-03-31,0.32188,1088.0
TIGO,2020-12-31,-0.43179,1089.0
TIGO,2020-09-30,-0.392537,1026.0
TIGO,2020-06-30,-0.894984,970.0
TIGO,2020-03-31,-0.949939,1088.0
TIGO,2019-12-31,1.727162,1149.0
TIGO,2019-09-30,-1.012745,1097.0
TIGO,2019-06-30,0.353283,1055.0
TIGO,2019-03-31,0.10991,1065.0
TIGO,2018-12-31,-0.737969,1011.0
TIGO,2018-09-30,0.53385,1019.0
TIGO,2018-06-30,-0.007851,1061.0
TIGO,2018-03-31,0.133462,1042.0
TIPT,2024-12-31,0.52,503.598
TIPT,2024-09-30,0.32,494.362
TIPT,2024-06-30,0.35,546.673
TIPT,2024-03-31,0.24,498.221
TIPT,2023-12-31,0.19,446.374
TIPT,2023-09-30,0.06,416.514
TIPT,2023-06-30,0.16,404.518
TIPT,2023-03-31,-0.03,381.625
TIPT,2022-12-31,0.02,369.528
TIPT,2022-09-30,0.39,363.478
TIPT,2022-06-30,-0.64,339.843
TIPT,2022-03-31,-0.03,324.903
TIPT,2021-12-31,-0.01,320.287
TIPT,2021-09-30,0.06,286.991
TIPT,2021-06-30,0.24,300.045
TIPT,2021-03-31,0.86,294.688
TIPT,2020-12-31,0.42,261.823
TIPT,2020-09-30,0.37,224.041
TIPT,2020-06-30,0.11,199.194
TIPT,2020-03-31,-1.74,129.671
TIPT,2019-12-31,0.12,208.568
TIPT,2019-09-30,-0.04,189.185
TIPT,2019-06-30,0.33,183.474
TIPT,2019-03-31,0.11,183.903
TIPT,2018-12-31,0.0,152.377
TIPT,2018-09-30,-0.02,172.668
TIPT,2018-06-30,0.02,152.709
TIPT,2018-03-31,0.79,148.072
TMUS,2024-12-31,2.58,21872.0
TMUS,2024-09-30,2.62,20162.0
TMUS,2024-06-30,2.5,19772.0
TMUS,2024-03-31,2.0,19594.0
TMUS,2023-12-31,1.74,20478.0
TMUS,2023-09-30,1.83,19252.0
TMUS,2023-06-30,1.86,19196.0
TMUS,2023-03-31,1.59,19632.0
TMUS,2022-12-31,1.19,20273.0
TMUS,2022-09-30,0.4,19477.0
TMUS,2022-06-30,-0.09,19701.0
TMUS,2022-03-31,0.57,20120.0
TMUS,2021-12-31,0.34,20785.0
TMUS,2021-09-30,0.55,19624.0
TMUS,2021-06-30,0.78,19950.0
TMUS,2021-03-31,0.75,19759.0
TMUS,2020-12-31,0.6,20341.0
TMUS,2020-09-30,1.01,19272.0
TMUS,2020-06-30,0.09,17671.0
TMUS,2020-03-31,1.11,11113.0
TMUS,2019-12-31,0.88,11878.0
TMUS,2019-09-30,1.02,11061.0
TMUS,2019-06-30,1.1,10979.0
TMUS,2019-03-31,1.07,11080.0
TMUS,2018-12-31,0.75,11445.0
TMUS,2018-09-30,0.94,10839.0
TMUS,2018-06-30,0.92,10571.0
TMUS,2018-03-31,0.78,10455.0
TRP,2024-12-31,0.94,1360.0
TRP,2024-09-30,1.4,4083.0
TRP,2024-06-30,0.93,4085.0
TRP,2024-03-31,1.16,4243.0
TRP,2023-12-31,1.41,4236.0
TRP,2023-09-30,-0.19,3940.0
TRP,2023-06-30,0.24,3830.0
TRP,2023-03-31,1.29,3928.0
TRP,2022-12-31,-1.42,4041.0
TRP,2022-09-30,0.84,3799.0
TRP,2022-06-30,0.9,3637.0
TRP,2022-03-31,0.36,3500.0
TRP,2021-12-31,1.14,3584.0
TRP,2021-09-30,0.8,3240.0
TRP,2021-06-30,1.0,3182.0
TRP,2021-03-31,-1.11,3381.0
TRP,2020-12-31,1.2,3297.0
TRP,2020-09-30,0.96,3195.0
TRP,2020-06-30,1.36,3089.0
TRP,2020-03-31,1.22,3418.0
TRP,2019-12-31,1.18,3263.0
TRP,2019-09-30,0.79,3133.0
TRP,2019-06-30,1.21,3372.0
TRP,2019-03-31,1.09,3487.0
TRP,2018-12-31,1.19,3904.0
TRP,2018-09-30,1.02,3156.0
TRP,2018-06-30,0.88,3195.0
TRP,2018-03-31,0.83,3424.0
TRVI,2024-09-30,-0.13,0.0
TRVI,2024-06-30,-0.12,0.0
TRVI,2024-03-31,-0.11,0.0
TRVI,2023-12-31,-0.08,0.0
TRVI,2023-09-30,-0.08,0.0
TRVI,2023-06-30,-0.07,0.0
TRVI,2023-03-31,-0.06,0.0
TRVI,2022-12-31,-0.06,0.0
TRVI,2022-09-30,-0.12,0.0
TRVI,2022-06-30,-0.14,0.0
TRVI,2022-03-31,-0.24,0.0
TRVI,2021-12-31,-0.24,0.0
TRVI,2021-09-30,-0.34,0.0
TRVI,2021-06-30,-0.49,0.0
TRVI,2021-03-31,-0.43,0.0
TRVI,2020-12-31,-0.513458,0.0
TRVI,2020-09-30,-0.41,0.0
TRVI,2020-06-30,-0.41,0.0
TRVI,2020-03-31,-0.48,0.0
TRVI,2019-12-31,-0.366535,0.0
TRVI,2019-09-30,-0.41,0.0
TRVI,2019-06-30,-0.63,0.0
TRVI,2019-03-31,-0.346167,0.0
TRVI,2018-12-31,-0.024093,0.0
TRVI,2018-09-30,-0.793285,0.0
TRVI,2018-06-30,-0.666574,0.0
TRVI,2018-03-31,-0.572879,0.0
TSAT,2024-09-30,1.27,138.441
TSAT,2024-06-30,2.55,152.433
TSAT,2024-03-31,-1.08,152.175
TSAT,2023-12-31,0.7,165.901
TSAT,2023-09-30,-0.08,175.086
TSAT,2023-06-30,10.41,179.752
TSAT,2023-03-31,1.178,183.422
TSAT,2022-12-31,1.83,206.684
TSAT,2022-09-30,-4.69,180.102
TSAT,2022-06-30,-0.16,186.614
TSAT,2022-03-31,1.16,185.769
TSAT,2021-12-31,8.083968,187.497
TSAT,2021-09-30,-4.387161,192.335
TSAT,2021-06-30,4.451659,187.888
TSAT,2021-03-31,3.470324,190.492
T,2024-12-31,0.56,32298.0
T,2024-09-30,-0.03,30213.0
T,2024-06-30,0.49,29797.0
T,2024-03-31,0.47,30028.0
T,2023-12-31,0.3,32022.0
T,2023-09-30,0.48,30350.0
T,2023-06-30,0.61,29917.0
T,2023-03-31,0.58,30139.0
T,2022-12-31,-3.2,31343.0
T,2022-09-30,0.83,30043.0
T,2022-06-30,0.57,29643.0
T,2022-03-31,0.66,38105.0
T,2021-12-31,0.69,40958.0
T,2021-09-30,0.82,39922.0
T,2021-06-30,0.21,44045.0
T,2021-03-31,1.04,43939.0
T,2020-12-31,-1.95,45691.0
T,2020-09-30,0.39,42340.0
T,2020-06-30,0.17,40950.0
T,2020-03-31,0.63,42779.0
T,2019-12-31,0.33,46821.0
T,2019-09-30,0.5,44588.0
T,2019-06-30,0.51,44957.0
T,2019-03-31,0.56,44827.0
T,2018-12-31,0.66,47993.0
T,2018-09-30,0.65,45739.0
T,2018-06-30,0.81,38986.0
T,2018-03-31,0.75,38038.0
UFCS,2024-12-31,1.238933,331.738
UFCS,2024-09-30,0.78,322.964
UFCS,2024-06-30,-0.11,301.169
UFCS,2024-03-31,0.53,295.999
UFCS,2023-12-31,0.775945,290.178
UFCS,2023-09-30,0.25,273.954
UFCS,2023-06-30,-2.23,267.095
UFCS,2023-03-31,0.03,267.104
UFCS,2022-12-31,0.798079,288.098
UFCS,2022-09-30,-0.91,235.573
UFCS,2022-06-30,-0.42,219.536
UFCS,2022-03-31,1.13,245.014
UFCS,2021-12-31,2.30184,262.802
UFCS,2021-09-30,-0.38,248.543
UFCS,2021-06-30,0.55,244.412
UFCS,2021-03-31,0.75,300.735
UFCS,2020-12-31,-0.354853,320.531
UFCS,2020-09-30,-1.49,282.121
UFCS,2020-06-30,0.24,297.803
UFCS,2020-03-31,-2.9,177.805
UFCS,2019-12-31,-0.925929,292.26
UFCS,2019-09-30,-0.09,298.055
UFCS,2019-06-30,-0.17,304.197
UFCS,2019-03-31,1.77,305.539
UFCS,2018-12-31,-1.168886,262.178
UFCS,2018-09-30,0.44,291.91
UFCS,2018-06-30,0.01,275.399
UFCS,2018-03-31,1.84,250.795
UGI,2024-12-31,1.74,2030.0
UGI,2024-09-30,-1.27,1242.0
UGI,2024-06-30,-0.23,1380.0
UGI,2024-03-31,2.36,2467.0
UGI,2023-12-31,0.45,2121.0
UGI,2023-09-30,0.62,1404.0
UGI,2023-06-30,-3.76,1659.0
UGI,2023-03-31,0.52,3106.0
UGI,2022-12-31,-4.54,2759.0
UGI,2022-09-30,1.16,1934.0
UGI,2022-06-30,-0.03,2033.0
UGI,2022-03-31,4.44,3466.0
UGI,2021-12-31,-0.46,2673.0
UGI,2021-09-30,2.51,1438.0
UGI,2021-06-30,0.72,1496.0
UGI,2021-03-31,2.34,2581.0
UGI,2020-12-31,1.45,1932.0
UGI,2020-09-30,0.05,1124.2
UGI,2020-06-30,0.41,1199.3
UGI,2020-03-31,1.08,2228.9
UGI,2019-12-31,1.01,2006.6
UGI,2019-09-30,-0.27,1150.4
UGI,2019-06-30,-0.01,1363.7
UGI,2019-03-31,1.41,2606.1
UGI,2018-12-31,0.37,2200.2
UGI,2018-09-30,0.14,1273.1
UGI,2018-06-30,0.3,1440.9
UGI,2018-03-31,1.59,2812.0
UNM,2024-12-31,1.93,3205.0
UNM,2024-09-30,3.46,3202.1
UNM,2024-06-30,2.05,3205.0
UNM,2024-03-31,2.05,3180.5
UNM,2023-12-31,1.7,3123.7
UNM,2023-09-30,1.03,3069.0
UNM,2023-06-30,1.99,3093.5
UNM,2023-03-31,1.81,3022.5
UNM,2022-12-31,1.41,2990.3
UNM,2022-09-30,2.05,2950.2
UNM,2022-06-30,1.84,3040.9
UNM,2022-03-31,1.25,2953.7
UNM,2021-12-31,0.78,2936.7
UNM,2021-09-30,1.61,2931.4
UNM,2021-06-30,0.89,2942.2
UNM,2021-03-31,0.75,3042.7
UNM,2020-12-31,0.66,4208.0
UNM,2020-09-30,1.13,2997.9
UNM,2020-06-30,1.3,3059.9
UNM,2020-03-31,0.79,2927.6
UNM,2019-12-31,1.44,3033.3
UNM,2019-09-30,1.16,2976.1
UNM,2019-06-30,1.33,3016.7
UNM,2019-03-31,1.31,2987.6
UNM,2018-12-31,1.15,2880.8
UNM,2018-09-30,-1.3,2927.8
UNM,2018-06-30,1.29,2890.3
UNM,2018-03-31,1.23,2899.6
USAU,2024-10-31,-0.2,0.0
USAU,2024-07-31,-0.4,0.0
USAU,2024-04-30,-0.22,0.0
USAU,2024-01-31,-0.18,0.0
USAU,2023-10-31,-0.03,0.0
USAU,2023-07-31,-0.31,0.0
USAU,2023-04-30,-0.21,0.0
USAU,2023-01-31,-0.23,0.0
USAU,2022-10-31,-0.23,0.0
USAU,2022-07-31,-0.23,0.0
USAU,2022-04-30,-0.2,0.0
USAU,2022-01-31,-0.61,0.0
USAU,2021-10-31,-0.61,0.0
USAU,2021-07-31,-0.5,0.0
USAU,2021-04-30,-0.02,0.0
USAU,2021-01-31,-0.67,0.0
USAU,2020-10-31,-2.93,0.0
USAU,2020-07-31,-0.33,0.0
USAU,2020-04-30,-0.27,0.0
USAU,2020-01-31,-0.4,0.0
USAU,2019-10-31,-1.0,0.0
USAU,2019-07-31,-1.7,0.0
USAU,2019-04-30,-0.8,0.0
USAU,2019-01-31,-1.1,0.0
USAU,2018-10-31,-1.7,0.0
USAU,2018-07-31,-0.8,0.0
USAU,2018-04-30,-1.1,0.0
VBFC,2024-09-30,1.41,8.458
VBFC,2024-06-30,1.11,8.001
VBFC,2024-03-31,1.19,8.0
VBFC,2023-12-31,1.14,7.84
VBFC,2023-09-30,-1.72,2.445
VBFC,2023-06-30,0.83,7.345
VBFC,2023-03-31,1.04,7.621
VBFC,2022-12-31,1.46,8.275
VBFC,2022-09-30,1.46,8.285
VBFC,2022-06-30,1.48,8.259
VBFC,2022-03-31,1.24,7.489
VBFC,2021-12-31,1.61,8.761
VBFC,2021-09-30,1.97,9.288
VBFC,2021-06-30,2.24,9.244
VBFC,2021-03-31,2.66,10.546
VBFC,2020-12-31,2.08,10.44
VBFC,2020-09-30,1.55,8.952
VBFC,2020-06-30,1.61,7.759
VBFC,2020-03-31,0.62,6.487
VBFC,2019-12-31,0.9,6.503
VBFC,2019-09-30,1.19,7.078
VBFC,2019-06-30,0.44,6.5
VBFC,2019-03-31,0.56,5.984
VBFC,2018-12-31,0.6,5.884
VBFC,2018-09-30,0.79,6.228
VBFC,2018-06-30,0.45,5.895
VBFC,2018-03-31,0.21,5.344
VEEV,2024-10-31,1.15,699.207
VEEV,2024-07-31,1.06,676.181
VEEV,2024-04-30,1.0,650.345
VEEV,2024-01-31,0.92,630.618
VEEV,2023-10-31,0.84,616.505
VEEV,2023-07-31,0.7,590.225
VEEV,2023-04-30,0.82,526.325
VEEV,2023-01-31,1.2,563.389
VEEV,2022-10-31,0.7,552.351
VEEV,2022-07-31,0.58,534.218
VEEV,2022-04-30,0.65,505.102
VEEV,2022-01-31,0.63,485.499
VEEV,2021-10-31,0.69,476.111
VEEV,2021-07-31,0.71,455.594
VEEV,2021-04-30,0.76,433.573
VEEV,2021-01-31,0.68,396.761
VEEV,2020-10-31,0.64,377.519
VEEV,2020-07-31,0.62,353.683
VEEV,2020-04-30,0.58,337.106
VEEV,2020-01-31,0.44,311.508
VEEV,2019-10-31,0.56,280.921
VEEV,2019-07-31,0.54,266.9
VEEV,2019-04-30,0.5,244.752
VEEV,2019-01-31,0.49,232.323
VEEV,2018-10-31,0.44,224.731
VEEV,2018-07-31,0.35,209.609
VEEV,2018-04-30,0.31,195.547
VOXX,2024-11-30,-1.9,105.175
VOXX,2024-08-31,0.1,92.488
VOXX,2024-05-31,-0.4,91.661
VOXX,2024-02-29,-0.89,108.083
VOXX,2023-11-30,0.08,135.26
VOXX,2023-08-31,-0.47,113.642
VOXX,2023-05-31,-0.45,111.926
VOXX,2023-02-28,-0.79,136.522
VOXX,2022-11-30,0.3,143.055
VOXX,2022-08-31,-0.42,125.705
VOXX,2022-05-31,-0.27,128.732
VOXX,2022-02-28,0.11,163.88
VOXX,2021-11-30,-1.16,191.871
VOXX,2021-08-31,0.01,143.109
VOXX,2021-05-31,0.11,137.06
VOXX,2021-02-28,0.39,162.521
VOXX,2020-11-30,0.75,201.065
VOXX,2020-08-31,0.3,128.032
VOXX,2020-05-31,-0.34,71.987
VOXX,2020-02-29,-0.9,101.077
VOXX,2019-11-30,0.1,110.112
VOXX,2019-08-31,-0.24,90.246
VOXX,2019-05-31,-0.05,93.454
VOXX,2019-02-28,-1.5,107.457
VOXX,2018-11-30,0.5,129.637
VOXX,2018-08-31,-0.85,108.867
VOXX,2018-05-31,-0.04,100.855
VOXX,2018-02-28,0.51,122.236
VRNA,2024-12-31,-0.4,36.655
VRNA,2024-09-30,-0.56,5.624
VRNA,2024-06-30,-0.88,0.0
VRNA,2024-03-31,-0.32,0.0
VRNA,2023-12-31,-0.24,0.0
VRNA,2023-09-30,-0.16,0.0
VRNA,2023-06-30,-0.08,0.0
VRNA,2023-03-31,-0.24,0.0
VRNA,2022-12-31,-0.08,0.458
VRNA,2022-09-30,-0.24,0.0
VRNA,2022-06-30,-0.32,0.0
VRNA,2022-03-31,-0.4,0.0
VRNA,2021-12-31,-0.4,0.0
VRNA,2021-09-30,0.16,40.0
VRNA,2021-06-30,-0.4,0.0
VRNA,2021-03-31,-0.4,0.0
VRNA,2020-12-31,-0.409838,0.0
VRNA,2020-09-30,-0.464,0.0
VRNA,2020-06-30,-0.679452,0.0
VRNA,2020-03-31,-0.900533,0.0
VRNA,2019-12-31,-0.887045,0.0
VRNA,2019-09-30,-0.944022,0.0
VRNA,2019-06-30,-0.86378,0.0
VRNA,2019-03-31,-0.532151,0.0
VRNA,2018-12-31,-0.236286,0.0
VRNA,2018-09-30,-0.231395,0.0
VRNA,2018-06-30,0.060663,0.0
VRNA,2018-03-31,-1.625743,0.0
WB,2024-09-30,0.55,464.48
WB,2024-06-30,0.47,437.873
WB,2024-03-31,0.21,395.497
WB,2023-12-31,0.35,463.667
WB,2023-09-30,0.33,442.151
WB,2023-06-30,0.35,440.24
WB,2023-03-31,0.43,413.778
WB,2022-12-31,0.61,447.998
WB,2022-09-30,-0.07,453.56
WB,2022-06-30,0.12,450.152
WB,2022-03-31,-0.29,484.622
WB,2021-12-31,0.5,616.287
WB,2021-09-30,0.79,607.434
WB,2021-06-30,0.35,574.466
WB,2021-03-31,0.22,458.896
WB,2020-12-31,0.13,513.41
WB,2020-09-30,0.15,465.739
WB,2020-06-30,0.88,387.393
WB,2020-03-31,0.23,323.389
WB,2019-12-31,0.42,468.148
WB,2019-09-30,0.65,467.753
WB,2019-06-30,0.46,431.836
WB,2019-03-31,0.67,399.177
WB,2018-12-31,0.74,481.875
WB,2018-09-30,0.74,460.171
WB,2018-06-30,0.63,426.589
WB,2018-03-31,0.44,349.883
WELL,2024-12-31,0.19,2219.235
WELL,2024-09-30,0.74,2011.056
WELL,2024-06-30,0.42,1792.737
WELL,2024-03-31,0.22,1830.59
WELL,2023-12-31,0.15,1717.949
WELL,2023-09-30,0.24,1626.535
WELL,2023-06-30,0.21,1581.598
WELL,2023-03-31,0.05,1552.149
WELL,2022-12-31,-0.01,1509.319
WELL,2022-09-30,-0.01,1468.48
WELL,2022-06-30,0.2,1408.55
WELL,2022-03-31,0.14,1389.719
WELL,2021-12-31,0.13,1296.068
WELL,2021-09-30,0.42,1233.465
WELL,2021-06-30,0.06,1134.062
WELL,2021-03-31,0.17,1045.886
WELL,2020-12-31,0.39,1116.679
WELL,2020-09-30,0.78,1032.752
WELL,2020-06-30,0.43,1181.934
WELL,2020-03-31,0.76,1255.173
WELL,2019-12-31,0.55,1256.985
WELL,2019-09-30,1.46,1261.905
WELL,2019-06-30,0.34,1317.027
WELL,2019-03-31,0.72,1264.488
WELL,2018-12-31,0.27,1234.049
WELL,2018-09-30,0.17,1232.68
WELL,2018-06-30,0.42,1110.408
WELL,2018-03-31,1.18,1093.951
WHG,2024-12-31,0.25,25.582
WHG,2024-09-30,0.01,23.719
WHG,2024-06-30,-0.27,22.688
WHG,2024-03-31,0.28,22.732
WHG,2023-12-31,0.32,23.229
WHG,2023-09-30,0.42,21.88
WHG,2023-06-30,0.36,21.945
WHG,2023-03-31,0.09,22.727
WHG,2022-12-31,-0.4,20.456
WHG,2022-09-30,-0.15,15.406
WHG,2022-06-30,-0.05,15.603
WHG,2022-03-31,0.01,17.216
WHG,2021-12-31,0.36,19.391
WHG,2021-09-30,0.24,17.86
WHG,2021-06-30,0.12,17.484
WHG,2021-03-31,0.52,18.319
WHG,2020-12-31,0.36,17.113
WHG,2020-09-30,-1.31,15.454
WHG,2020-06-30,-0.33,15.875
WHG,2020-03-31,0.13,16.669
WHG,2019-12-31,0.3,18.616
WHG,2019-09-30,0.13,19.892
WHG,2019-06-30,0.22,21.709
WHG,2019-03-31,0.05,23.862
WHG,2018-12-31,0.65,26.119
WHG,2018-09-30,0.64,29.854
WHG,2018-06-30,0.95,32.76
WHG,2018-03-31,0.96,33.567
WILC,2024-09-30,1.5,152.799
WILC,2024-06-30,0.5,146.658
WILC,2024-03-31,1.34,136.036
WILC,2023-12-31,0.79,138.741
WILC,2023-09-30,0.35,123.921
WILC,2023-06-30,0.4,129.244
WILC,2023-03-31,0.78,151.356
WILC,2022-12-31,0.95,133.201
WILC,2022-09-30,0.55,123.9
WILC,2022-06-30,0.5,123.155
WILC,2022-03-31,0.98,118.069
WILC,2021-12-31,0.2,116.888
WILC,2021-09-30,0.38,106.268
WILC,2021-06-30,1.2,114.347
WILC,2021-03-31,1.48,116.71
WILC,2020-12-31,1.01,108.905
WILC,2020-09-30,1.63,111.933
WILC,2020-06-30,1.15,104.152
WILC,2020-03-31,0.09,129.103
WILC,2019-12-31,1.07,102.339
WILC,2019-09-30,0.78,95.364
WILC,2019-06-30,0.86,100.099
WILC,2019-03-31,1.19,97.835
WILC,2018-12-31,0.08,84.024
WILC,2018-09-30,0.78,82.44
WILC,2018-06-30,0.49,78.41
WILC,2018-03-31,0.54,93.371
WPM,2024-09-30,0.341,308.253
WPM,2024-06-30,0.27,299.064
WPM,2024-03-31,0.362,296.806
WPM,2023-12-31,0.372,313.472
WPM,2023-09-30,0.257,223.137
WPM,2023-06-30,0.312,264.972
WPM,2023-03-31,0.246,214.465
WPM,2022-12-31,0.368,236.051
WPM,2022-09-30,0.435,218.836
WPM,2022-06-30,0.33,302.922
WPM,2022-03-31,0.349,307.244
WPM,2021-12-31,0.648,278.197
WPM,2021-09-30,0.3,268.957
WPM,2021-06-30,0.369,330.393
WPM,2021-03-31,0.36,324.119
WPM,2020-12-31,0.35,286.212
WPM,2020-09-30,0.334,307.268
WPM,2020-06-30,0.236,247.954
WPM,2020-03-31,0.212,254.789
WPM,2019-12-31,0.17,223.222
WPM,2019-09-30,0.17,223.595
WPM,2019-06-30,-0.28,189.466
WPM,2019-03-31,0.13,225.049
WPM,2018-12-31,0.01,196.591
WPM,2018-09-30,0.08,185.769
WPM,2018-06-30,0.72,212.4
WPM,2018-03-31,0.15,199.252
WVVI,2024-09-30,-0.17,9.370713
WVVI,2024-06-30,-0.07,10.332358
WVVI,2024-03-31,-0.22,8.80308
WVVI,2023-12-31,-0.15,10.752865
WVVI,2023-09-30,-0.17,9.348066
WVVI,2023-06-30,-0.08,10.726243
WVVI,2023-03-31,-0.25,8.30894
WVVI,2022-12-31,-0.07,11.388024
WVVI,2022-09-30,-0.29,7.602878
WVVI,2022-06-30,-0.04,8.700861
WVVI,2022-03-31,-0.11,6.242318
WVVI,2021-12-31,0.08,9.430347
WVVI,2021-09-30,0.02,7.641228
WVVI,2021-06-30,0.14,8.949951
WVVI,2021-03-31,-0.05,5.765338
WVVI,2020-12-31,0.15,8.306172
WVVI,2020-09-30,0.13,6.918131
WVVI,2020-06-30,0.07,5.568654
WVVI,2020-03-31,0.11,6.521895
WVVI,2019-12-31,0.12,7.201273
WVVI,2019-09-30,0.12,6.758367
WVVI,2019-06-30,0.02,5.790837
WVVI,2019-03-31,0.03,4.998786
WVVI,2018-12-31,0.17,7.264789
WVVI,2018-09-30,0.08,5.461039
WVVI,2018-06-30,0.11,5.821292
WVVI,2018-03-31,0.02,4.532619
WVVI,2017-12-31,0.25,5.94561
XPEV,2024-09-30,-1.9,10101.71
XPEV,2024-06-30,-1.36,8111.407
XPEV,2024-03-31,-1.46,6548.096
XPEV,2023-12-31,-1.5,13050.43
XPEV,2023-09-30,-4.5,8529.521
XPEV,2023-06-30,-3.26,5062.696
XPEV,2023-03-31,-2.72,4033.42
XPEV,2022-12-31,-2.58,5140.349
XPEV,2022-09-30,-2.76,6823.487
XPEV,2022-06-30,-3.16,7436.345
XPEV,2022-03-31,-2.0,7454.938
XPEV,2021-12-31,-1.52,8556.008
XPEV,2021-09-30,-1.88,5719.918
XPEV,2021-06-30,-1.5,3761.279
XPEV,2021-03-31,-1.0,2950.926
XPEV,2020-12-31,-0.996858,2851.352
XPEV,2020-09-30,-5.06,1990.119
XPEV,2020-06-30,-1.619107,590.781
XPEV,2020-03-31,-1.174405,412.069
XPEV,2019-12-31,-0.54157,640.01
XPEV,2019-09-30,-1.234126,449.717
XYF,2024-09-30,7.86,576.651
XYF,2024-06-30,8.46,675.532
XYF,2024-03-31,7.44,578.584
XYF,2023-12-31,3.9,392.899649
XYF,2023-09-30,7.26,563.768
XYF,2023-06-30,7.62,542.96
XYF,2023-03-31,5.94,386.376
XYF,2022-12-31,5.28,466.907563
XYF,2022-09-30,3.96,350.529
XYF,2022-06-30,3.36,311.747
XYF,2022-03-31,2.52,408.228
XYF,2021-12-31,2.64,396.556959
XYF,2021-09-30,5.04,458.113
XYF,2021-06-30,4.02,352.697
XYF,2021-03-31,3.54,304.566
XYF,2020-12-31,-12.24,144.754885
XYF,2020-09-30,-2.100002,-10.039
XYF,2020-06-30,-6.420006,-158.867
XYF,2020-03-31,-3.660004,0.612
XYF,2019-12-31,1.500002,236.889338
XYF,2019-09-30,2.520003,318.581
XYF,2019-06-30,5.820006,310.483
XYF,2019-03-31,4.200004,419.787
XYF,2018-12-31,4.800005,485.658734
XYF,2018-09-30,4.200004,500.764
XYF,2018-06-30,5.979754,726.317
XYF,2018-03-31,2.825106,457.546
YMM,2024-09-30,1.0,3031.388
YMM,2024-06-30,0.8,2764.283
YMM,2024-03-31,0.6,2268.713
YMM,2023-12-31,0.4,2407.957
YMM,2023-09-30,0.6,2263.917
YMM,2023-06-30,0.6,2062.028
YMM,2023-03-31,0.4,1702.257
YMM,2022-12-31,0.2,1922.473
YMM,2022-09-30,0.4,1808.56
YMM,2022-06-30,0.010541,1670.051
YMM,2022-03-31,-0.2,1332.56
YMM,2021-12-31,-1.2,1429.377
YMM,2021-09-30,-0.4,1241.667
YMM,2021-06-30,-7.4,1118.821
YMM,2021-03-31,-0.430004,867.154
YMM,2020-12-31,-2.666767,850.354
YMM,2020-09-30,-0.307875,734.952
YMM,2020-06-30,-0.273772,556.945
YRD,2024-09-30,4.0618,1479.088
YRD,2024-06-30,4.739,1496.536
YRD,2024-03-31,5.5758,1378.084
YRD,2023-12-31,6.5122,1274.31
YRD,2023-09-30,6.2692,1310.774
YRD,2023-06-30,5.9612,1324.206
YRD,2023-03-31,4.8056,986.343
YRD,2022-12-31,5.4152,1088.076
YRD,2022-09-30,3.0134,840.655
YRD,2022-06-30,2.9938,801.124
YRD,2022-03-31,2.1744,704.765
YRD,2021-12-31,3.8922,1020.94
YRD,2021-09-30,3.7712,1231.991
YRD,2021-06-30,2.3822,1125.035
YRD,2021-03-31,2.1578,1099.963
YRD,2020-12-31,-6.6634,1160.851
YRD,2020-09-30,0.8548,1022.762
YRD,2020-06-30,-2.502,754.689
YRD,2020-03-31,0.2072,1023.66
YRD,2019-12-31,4.3536,2363.628
YRD,2019-09-30,2.458,2056.108
YRD,2019-06-30,1.6734,2216.64
YRD,2019-03-31,3.988,1980.408
YRD,2018-12-31,5.3842,1270.667
YRD,2018-09-30,2.4644,1121.174
YRD,2018-06-30,3.371,1519.572
YRD,2018-03-31,4.596,1592.691
