Symbol,Date,Total Assets,Total Liabilities,Total Equity,Total Revenue,Gross Profit,Operating Income,Net Income,Net profit margin,EPS
AAPL,2024-12-31,344085000000.0,277327000000.0,66758000000.0,124300000000.0,58275000000.0,42832000000.0,36330000000.0,0.2922767497988737,2.4
AAPL,2024-09-30,364980000000.0,308030000000.0,56950000000.0,94930000000.0,43879000000.0,29591000000.0,14736000000.0,0.15523016959865163,0.97
AAPL,2024-06-30,331612000000.0,264904000000.0,66708000000.0,85777000000.0,39678000000.0,25352000000.0,21448000000.0,0.25004371801298714,1.4
AAPL,2024-03-31,337411000000.0,263217000000.0,74194000000.0,90753000000.0,42271000000.0,27900000000.0,23636000000.0,0.26044318094167684,1.53
AAPL,2023-12-31,353514000000.0,279414000000.0,74100000000.0,119575000000.0,54855000000.0,40373000000.0,33916000000.0,0.2836378841731131,2.18
AAPL,2023-09-30,,,,,,,,,
AAPL,2023-06-30,,,,,,,,,
AB,2024-12-31,2034632000.0,2770000.0,2031862000.0,116589000.0,,,105434000.0,0.9043220200876584,
AB,2024-09-30,2098850000.0,719000.0,2098131000.0,136374000.0,,,127195000.0,0.9326924487072316,1.12
AB,2024-06-30,2085610000.0,556000.0,2085054000.0,122705000.0,,,113523000.0,0.9251701234668513,0.99
AB,2024-03-31,2068761000.0,389000.0,2068372000.0,86281000.0,,,77222000.0,0.895005852968788,0.67
AB,2023-12-31,2077540000.0,1295000.0,2076245000.0,88517000.0,,,79198000.0,0.8947207880972017,0.709745
ACIW,2024-12-31,3025293000.0,1600966000.0,1424327000.0,453038000.0,252951000.0,122288000.0,98555000.0,0.21754245780707138,0.93
ACIW,2024-09-30,3092985000.0,1763355000.0,1329630000.0,451752000.0,254401000.0,122586000.0,81427000.0,0.1802471267421063,0.77
ACIW,2024-06-30,3364672000.0,2127916000.0,1236756000.0,373479000.0,170241000.0,53701000.0,30887000.0,0.0827007676469092,0.29
ACIW,2024-03-31,3300201000.0,2043148000.0,1257053000.0,316019000.0,124912000.0,9560000.0,-7751000.0,-0.02452700628759663,-0.07
ACIW,2023-12-31,3444739000.0,2120442000.0,1324297000.0,476563000.0,294874000.0,172316000.0,122616000.0,0.25729232021789356,
ACIW,2023-09-30,,,,,,,,,0.35
ADP,2024-12-31,64096700000.0,59018600000.0,5078100000.0,4775600000.0,2033100000.0,1027000000.0,963200000.0,0.20169193399782226,2.35
ADP,2024-09-30,49511400000.0,44162800000.0,5348600000.0,4579400000.0,1945700000.0,1019000000.0,956300000.0,0.2088264838188409,2.34
ADP,2024-06-30,54362700000.0,49815100000.0,4547600000.0,4491700000.0,1860100000.0,833400000.0,829300000.0,0.18462942761092682,2.02
ADP,2024-03-31,64181600000.0,59554900000.0,4626700000.0,4933000000.0,2164800000.0,1232300000.0,1184900000.0,0.2401986620717616,2.88
ADP,2023-12-31,57069400000.0,52749800000.0,4319600000.0,4442700000.0,1881100000.0,958600000.0,878400000.0,0.19771760415963266,2.13
ADP,2023-09-30,,,,,,,,,
ADP,2023-06-30,,,,,,,,,
AEE,2024-12-31,44598000000.0,32355000000.0,12243000000.0,1941000000.0,794000000.0,198000000.0,207000000.0,0.10664605873261206,
AEE,2024-09-30,43298000000.0,31336000000.0,11962000000.0,2173000000.0,1124000000.0,586000000.0,456000000.0,0.20984813621721124,1.7
AEE,2024-06-30,42334000000.0,30666000000.0,11668000000.0,1693000000.0,868000000.0,361000000.0,258000000.0,0.15239220318960425,0.97
AEE,2024-03-31,41306000000.0,29734000000.0,11572000000.0,1816000000.0,867000000.0,371000000.0,261000000.0,0.14372246696035243,0.98
AEE,2023-12-31,40830000000.0,29352000000.0,11478000000.0,1618000000.0,751000000.0,264000000.0,158000000.0,0.09765142150803462,0.6
AEE,2023-09-30,,,,,,,,,1.87
AEM,2024-12-31,29987018000.0,9154118000.0,20832900000.0,2223700000.0,1088625000.0,910960000.0,509255000.0,0.22901245671628367,
AEM,2024-09-30,29816489000.0,9311518000.0,20504971000.0,2155609000.0,981711000.0,852772000.0,567118000.0,0.2630894563902823,1.13
AEM,2024-06-30,29291206000.0,9294791000.0,19996415000.0,2076621000.0,926248000.0,808848000.0,472016000.0,0.22730002248845602,0.94
AEM,2024-03-31,28802441000.0,9160071000.0,19642370000.0,1829823000.0,689013000.0,576849000.0,347192000.0,0.18974075634637885,0.7
AEM,2023-12-31,28684949000.0,9262034000.0,19422915000.0,1756640000.0,587629000.0,417551000.0,-381011000.0,-0.2168975999635668,-0.77
AEM,2023-09-30,,,,,,,,,0.35
AEM,2023-06-30,,,,,,,,,
AEP,2024-12-31,103078000000.0,76091900000.0,26986100000.0,4696300000.0,3051100000.0,1095600000.0,664100000.0,0.14140919447224412,
AEP,2024-09-30,100119100000.0,73460300000.0,26658800000.0,5420100000.0,3417200000.0,1351500000.0,959600000.0,0.17704470397225144,1.8
AEP,2024-06-30,99622600000.0,73446900000.0,26175700000.0,4579200000.0,2859200000.0,826400000.0,340300000.0,0.07431429070580015,0.64
AEP,2024-03-31,97744600000.0,71900900000.0,25843700000.0,5025700000.0,3132400000.0,1172600000.0,1003100000.0,0.19959408639592494,1.9
AEP,2023-12-31,96684000000.0,71398100000.0,25285900000.0,4577200000.0,2593200000.0,689700000.0,336200000.0,0.0734510180896618,
AEP,2023-09-30,,,,,,,,,1.83
AEP,2023-06-30,,,,,,,,,1.01
AGI,2024-12-31,5336100000.0,1751900000.0,3584200000.0,375800000.0,174900000.0,158400000.0,87600000.0,0.233102714209686,
AGI,2024-09-30,5292600000.0,1786000000.0,3506600000.0,360900000.0,156900000.0,126200000.0,84500000.0,0.23413688002216682,0.2
AGI,2024-06-30,4164200000.0,1103900000.0,3060300000.0,332600000.0,160000000.0,138800000.0,70100000.0,0.21076368009621166,0.17
AGI,2024-03-31,4011500000.0,1055300000.0,2956200000.0,277600000.0,104000000.0,81400000.0,42100000.0,0.15165706051873198,0.11
AGI,2023-12-31,4001200000.0,1077700000.0,2923500000.0,254600000.0,87900000.0,71900000.0,47100000.0,0.1849960722702278,0.12
AGI,2023-09-30,,,,,,,,,0.1
AGI,2023-06-30,,,,,,,,,
AGNC,2024-12-31,88015000000.0,78253000000.0,9762000000.0,154000000.0,,,122000000.0,0.7922077922077922,
AGNC,2024-09-30,89590000000.0,79934000000.0,9656000000.0,376000000.0,,,346000000.0,0.9202127659574468,0.39
AGNC,2024-06-30,79685000000.0,71033000000.0,8652000000.0,-24000000.0,,,-48000000.0,2.0,-0.11
AGNC,2024-03-31,71876000000.0,63298000000.0,8578000000.0,467000000.0,,,443000000.0,0.9486081370449678,0.59
AGNC,2023-12-31,71596000000.0,63339000000.0,8257000000.0,440000000.0,,,412000000.0,0.9363636363636364,0.57
AGNC,2023-09-30,,,,,,,,,-0.68
AGS,2024-12-31,709592000.0,596857000.0,112735000.0,102983000.0,71648000.0,21190000.0,44428000.0,0.4314110095841061,
AGS,2024-09-30,664696000.0,593854000.0,70842000.0,99170000.0,68654000.0,18009000.0,2432000.0,0.02452354542704447,0.06
AGS,2024-06-30,666591000.0,597196000.0,69395000.0,96739000.0,68250000.0,13905000.0,440000.0,0.004548320739308862,0.01
AGS,2024-03-31,666688000.0,593749000.0,72939000.0,95973000.0,68243000.0,19776000.0,4345000.0,0.04527314974003105,0.1
AGS,2023-12-31,680338000.0,612671000.0,67667000.0,94151000.0,64908000.0,16858000.0,67000.0,0.0007116228186636361,0.001725
AIV,2024-12-31,1956910000.0,1644613000.0,312297000.0,54171000.0,30280000.0,83000.0,-9820000.0,-0.18127780546787026,
AIV,2024-09-30,2067572000.0,1600216000.0,467356000.0,53158000.0,29821000.0,-1474000.0,-21936000.0,-0.412656608600775,-0.16
AIV,2024-06-30,2057114000.0,1564360000.0,492754000.0,51148000.0,28591000.0,-1096000.0,-60526000.0,-1.1833502776257137,-0.43
AIV,2024-03-31,2119891000.0,1541313000.0,578578000.0,50203000.0,29004000.0,987000.0,-10186000.0,-0.20289624126048245,-0.07
AIV,2023-12-31,2089475000.0,1497865000.0,591610000.0,49352000.0,30288000.0,4182000.0,-151499000.0,-3.0697641432971308,-1.07
AIV,2023-09-30,,,,,,,,,-0.02
AIV,2023-06-30,,,,,,,,,
AJG,2024-12-31,64255200000.0,44075600000.0,20179600000.0,2716000000.0,1125600000.0,473700000.0,258300000.0,0.09510309278350515,
AJG,2024-09-30,57242700000.0,45033100000.0,12209600000.0,2806800000.0,1144600000.0,480900000.0,312600000.0,0.11137238135955536,1.39
AJG,2024-06-30,63007700000.0,51408400000.0,11599300000.0,2775400000.0,1115900000.0,478700000.0,283400000.0,0.10211140736470418,1.27
AJG,2024-03-31,60975900000.0,49631700000.0,11344200000.0,3256700000.0,1492200000.0,848800000.0,608400000.0,0.18681487395216015,2.74
AJG,2023-12-31,51615800000.0,40800500000.0,10815300000.0,2437800000.0,970800000.0,330500000.0,-32200000.0,-0.013208630732627779,-0.15
AJG,2023-09-30,,,,,,,,,1.28
ALDX,2024-12-31,104606694.0,33601823.0,71004871.0,0.0,,-16577784.0,-15808767.0,,
ALDX,2024-09-30,117319352.0,32223648.0,85095704.0,0.0,,-16137576.0,-15112983.0,,-0.25
ALDX,2024-06-30,126043834.0,27733495.0,98310339.0,0.0,,-18007807.0,-16847572.0,,-0.28
ALDX,2024-03-31,141301892.0,27882451.0,113419441.0,0.0,,-9393865.0,-8082122.0,,-0.14
ALDX,2023-12-31,148326911.0,28531881.0,119795030.0,0.0,,-6097778.0,-4752962.0,,
ALDX,2023-09-30,,,,,,,,,-0.14
ALDX,2023-06-30,,,,,,,,,-0.15
ALHC,2024-12-31,782063000.0,681108000.0,100955000.0,701241000.0,86345000.0,-22545000.0,-31091000.0,-0.044337110921922704,
ALHC,2024-09-30,692287000.0,576660000.0,115627000.0,692433000.0,78989000.0,-19522000.0,-26413000.0,-0.03814520682867512,-0.14
ALHC,2024-06-30,716258000.0,591460000.0,124798000.0,681286000.0,75974000.0,-18382000.0,-24010000.0,-0.03524217435849262,-0.13
ALHC,2024-03-31,633230000.0,501213000.0,132017000.0,628601000.0,55383000.0,-41106000.0,-46521000.0,-0.07400720011581273,-0.25
ALHC,2023-12-31,591880000.0,433809000.0,158071000.0,465387000.0,47625000.0,-41913000.0,-47209000.0,-0.10144030666950302,-0.25
ALHC,2023-09-30,,,,,,,,,-0.19
ALL,2024-12-31,111617000000.0,90250000000.0,21367000000.0,16506000000.0,,,1928000000.0,0.11680600993578093,
ALL,2024-09-30,113743000000.0,92905000000.0,20838000000.0,16627000000.0,,,1190000000.0,0.07157033740301919,4.33
ALL,2024-06-30,108368000000.0,89795000000.0,18573000000.0,15714000000.0,,,331000000.0,0.021064019345806286,1.13
ALL,2024-03-31,105241000000.0,86761000000.0,18480000000.0,15259000000.0,,,1218000000.0,0.07982174454420342,4.46
ALL,2023-12-31,103362000000.0,85732000000.0,17630000000.0,14832000000.0,,,1489000000.0,0.10039104638619202,5.52
ALTR,2024-12-31,1445647000.0,588458000.0,857189000.0,192631000.0,159252000.0,10965000.0,996000.0,0.005170507343054856,0.01
ALTR,2024-09-30,1377868000.0,540968000.0,836900000.0,151450000.0,121435000.0,-4312000.0,1779000.0,0.011746450973918784,0.02
ALTR,2024-06-30,1335957000.0,544651000.0,791306000.0,148795000.0,118279000.0,-9903000.0,-5147000.0,-0.03459121610269162,-0.06
ALTR,2024-03-31,1379911000.0,616983000.0,762928000.0,172912000.0,142019000.0,20935000.0,16547000.0,0.09569607661700749,0.2
ALTR,2023-12-31,1363493000.0,652162000.0,711331000.0,171503000.0,142330000.0,22590000.0,19675000.0,0.11472102528818738,
ALTR,2023-09-30,,,,,,,,,-0.05
ALTR,2023-06-30,,,,,,,,,
AM,2024-12-31,5761748000.0,3646577000.0,2115171000.0,305145000.0,198757000.0,177552000.0,111189000.0,0.36438086811188125,0.23
AM,2024-09-30,5777451000.0,3647550000.0,2129901000.0,287538000.0,185612000.0,162759000.0,99740000.0,0.3468758911865562,0.21
AM,2024-06-30,5774967000.0,3647879000.0,2127088000.0,287463000.0,175810000.0,154132000.0,86037000.0,0.29929764874088144,0.18
AM,2024-03-31,5749241000.0,3598862000.0,2150379000.0,296719000.0,188038000.0,166251000.0,103926000.0,0.350250573775188,0.21
AM,2023-12-31,,,,,,,,,
AM,2023-09-30,5758711000.0,3607571000.0,2151140000.0,281507000.0,181180000.0,162313000.0,97820000.0,0.34748691862014086,0.2
AM,2023-06-30,,,,,,,,,
AON,2024-12-31,48965000000.0,42535000000.0,6430000000.0,4147000000.0,2027000000.0,1147000000.0,716000000.0,0.17265493127562093,
AON,2024-09-30,49885000000.0,43332000000.0,6553000000.0,3721000000.0,1571000000.0,678000000.0,343000000.0,0.09217952163396936,1.57
AON,2024-06-30,51453000000.0,45425000000.0,6028000000.0,3760000000.0,1630000000.0,777000000.0,524000000.0,0.13936170212765958,2.46
AON,2024-03-31,40767000000.0,40795000000.0,-28000000.0,4070000000.0,2187000000.0,1574000000.0,1071000000.0,0.26314496314496316,5.35
AON,2023-12-31,33959000000.0,34701000000.0,-742000000.0,3375000000.0,1704000000.0,888000000.0,498000000.0,0.14755555555555555,2.47
AON,2023-09-30,,,,,,,,,2.23
APD,2024-12-31,40017200000.0,21278500000.0,18738700000.0,2931500000.0,915000000.0,643600000.0,617400000.0,0.21060890329183013,2.77
APD,2024-09-30,39574600000.0,20900900000.0,18673700000.0,3187500000.0,1083100000.0,848800000.0,1949900000.0,0.6117333333333334,
APD,2024-06-30,36974300000.0,20287300000.0,16687000000.0,2985500000.0,979900000.0,737600000.0,696600000.0,0.23332775079551163,3.13
APD,2024-03-31,35921700000.0,19586800000.0,16334900000.0,2930200000.0,938700000.0,694200000.0,572400000.0,0.19534502764316428,2.57
APD,2023-12-31,34118200000.0,17989100000.0,16129100000.0,2997400000.0,930200000.0,666900000.0,609300000.0,0.20327617268299192,2.73
APD,2023-09-30,,,,,,,,,3.11
APEI,2024-09-30,569588000.0,279170000.0,290418000.0,153122000.0,77721000.0,4152000.0,2262000.0,0.01477253431903972,0.04
APEI,2024-06-30,560703000.0,272008000.0,288695000.0,152895000.0,76679000.0,3183000.0,371000.0,0.00242650184767324,-0.07
APEI,2024-03-31,558980000.0,270507000.0,288473000.0,154432000.0,82007000.0,8146000.0,516000.0,0.003341276419394944,-0.06
APEI,2023-12-31,557386000.0,265410000.0,291976000.0,152804000.0,82057000.0,18894000.0,13014000.0,0.08516792754116384,
APEI,2023-09-30,555271000.0,273881000.0,281390000.0,150838000.0,77610000.0,6384000.0,-3328000.0,-0.022063405773081055,-0.27
ARQT,2024-12-31,348889000.0,191348000.0,157541000.0,71360000.0,64455000.0,-7632000.0,-10788000.0,-0.15117713004484304,
ARQT,2024-09-30,437354000.0,280713000.0,156641000.0,44755000.0,39252000.0,-39066000.0,-41537000.0,-0.9280974192827617,-0.33
ARQT,2024-06-30,444759000.0,258332000.0,186427000.0,30858000.0,27394000.0,-50077000.0,-52332000.0,-1.695897336185106,-0.42
ARQT,2024-03-31,478541000.0,253599000.0,224942000.0,49569000.0,46313000.0,-31622000.0,-35382000.0,-0.7137928947527689,-0.32
ARQT,2023-12-31,341365000.0,252698000.0,88667000.0,13526000.0,11280000.0,-61169000.0,-66284000.0,-4.900487949134999,-0.72
ARQT,2023-09-30,,,,,,,,,-0.73
ASM,2024-09-30,135366000.0,20877000.0,114489000.0,14616000.0,5709000.0,3674000.0,1169000.0,0.07998084291187739,0.01
ASM,2024-06-30,133702000.0,21477000.0,112225000.0,14787000.0,4697000.0,2208000.0,1240000.0,0.08385744234800839,0.01
ASM,2024-03-31,128644000.0,20844000.0,107800000.0,12393000.0,2339000.0,593000.0,599000.0,0.04833373678689583,0.004503
ASM,2023-12-31,128340000.0,22339000.0,106001000.0,12530000.0,2561000.0,467000.0,563000.0,0.044932162809257783,
ASM,2023-09-30,123493000.0,20788000.0,102705000.0,12316000.0,2364000.0,444000.0,-803000.0,-0.06519974017538162,-0.01
ASM,2023-06-30,,,,,,,,,0.01
ATAT,2024-09-30,7209326000.0,4618820000.0,2590506000.0,1898582000.0,795358000.0,492358000.0,384389000.0,0.20246109991562125,2.76
ATAT,2024-06-30,7285080000.0,4623219000.0,2661861000.0,1797047000.0,756291000.0,391383000.0,303652000.0,0.16897276476352593,2.19
ATAT,2024-03-31,6760544000.0,4432096000.0,2328448000.0,1468293000.0,600021000.0,324657000.0,257158000.0,0.17514079274368263,1.86
ATAT,2023-12-31,6587025000.0,4526936000.0,2060089000.0,1505218000.0,258684000.0,214177000.0,220054000.0,0.14619410610290337,1.59
ATAT,2023-09-30,5973692000.0,4177931000.0,1795761000.0,1294104000.0,565358000.0,341338000.0,261018000.0,0.20169785426828138,1.89
ATEN,2024-12-31,432815000.0,200986000.0,231829000.0,74204000.0,59306000.0,18396000.0,18301000.0,0.2466309093849388,
ATEN,2024-09-30,407747000.0,190477000.0,217270000.0,66721000.0,53682000.0,10443000.0,12637000.0,0.1894006384796391,0.17
ATEN,2024-06-30,397170000.0,182813000.0,214357000.0,60096000.0,48058000.0,7916000.0,9476000.0,0.15768104366347177,0.13
ATEN,2024-03-31,395658000.0,181349000.0,214309000.0,60675000.0,49231000.0,7213000.0,9726000.0,0.16029666254635352,0.13
ATEN,2023-12-31,389809000.0,181933000.0,207876000.0,70417000.0,57143000.0,18006000.0,17917000.0,0.2544413990939688,0.24
ATO,2024-12-31,26497093000.0,13716612000.0,12780481000.0,1175999000.0,734907000.0,459480000.0,351858000.0,0.2991992340129541,2.23
ATO,2024-09-30,25194465000.0,13036796000.0,12157669000.0,657944000.0,443238000.0,185000000.0,134016000.0,0.20368906776260592,
ATO,2024-06-30,24891251000.0,12708175000.0,12183076000.0,701549000.0,492833000.0,220267000.0,165564000.0,0.23599777064752425,1.08
ATO,2024-03-31,24004640000.0,12386001000.0,11618639000.0,1647227000.0,823033000.0,550990000.0,432023000.0,0.26227289863510006,2.85
ATO,2023-12-31,23684243000.0,12411034000.0,11273209000.0,1158467000.0,653253000.0,399105000.0,311292000.0,0.2687102869568145,2.08
ATO,2023-09-30,,,,,,,,,0.8
AU,2024-09-30,8801000000.0,4629000000.0,4172000000.0,1491000000.0,541000000.0,403000000.0,223000000.0,0.14956405097250167,0.53
AU,2024-06-30,8367000000.0,4372000000.0,3995000000.0,1381000000.0,467000000.0,369000000.0,253000000.0,0.1832005792903693,0.6
AU,2023-12-31,8175000000.0,4435000000.0,3740000000.0,1256000000.0,306000000.0,491000000.0,28000000.0,0.022292993630573247,
AU,2023-06-30,7945000000.0,3864000000.0,4081000000.0,1158000000.0,253000000.0,104000000.0,-83000000.0,-0.07167530224525043,-0.2
AWI,2024-12-31,1842700000.0,1085600000.0,757100000.0,367700000.0,143900000.0,58500000.0,62200000.0,0.1691596410116943,1.42
AWI,2024-09-30,1804000000.0,1087000000.0,717000000.0,386600000.0,164100000.0,86500000.0,76900000.0,0.19891360579410244,1.75
AWI,2024-06-30,1820200000.0,1151200000.0,669000000.0,365100000.0,149300000.0,69400000.0,65900000.0,0.18049849356340728,1.5
AWI,2024-03-31,1691500000.0,1064700000.0,626800000.0,326300000.0,124300000.0,58600000.0,59900000.0,0.18357339871284095,1.36
AWI,2023-12-31,1672400000.0,1080600000.0,591800000.0,312300000.0,119500000.0,52100000.0,46800000.0,0.14985590778097982,
AWI,2023-09-30,,,,,,,,,1.56
AWI,2023-06-30,,,,,,,,,
AXS,2024-12-31,32520293000.0,26430914000.0,6089379000.0,1578428000.0,,,293633000.0,0.18602875772604135,3.38
AXS,2024-09-30,32722648000.0,26639421000.0,6083227000.0,1519960000.0,,,180728000.0,0.11890312902971131,2.04
AXS,2024-06-30,32078882000.0,26419411000.0,5659471000.0,1470847000.0,,,211964000.0,0.14411016237582835,2.4
AXS,2024-03-31,31758690000.0,26253535000.0,5505155000.0,1443445000.0,,,395459000.0,0.2739688730779489,4.53
AXS,2023-12-31,30250672000.0,24987476000.0,5263196000.0,1412502000.0,,,-142578000.0,-0.1009400340672084,-1.76
AZO,2024-11-30,17465762000.0,22138683000.0,-4672921000.0,4279641000.0,2268057000.0,841149000.0,564933000.0,0.13200476395099495,32.52
AZO,2024-08-31,17176538000.0,21926152000.0,-4749614000.0,6205380000.0,3257862000.0,1296681000.0,902208000.0,0.14539125726385813,
AZO,2024-05-31,17108432000.0,21946669000.0,-4838237000.0,4235485000.0,2265522000.0,900181000.0,651726000.0,0.15387281503771114,36.69
AZO,2024-02-29,16717654000.0,21554975000.0,-4837321000.0,3859126000.0,2079652000.0,743242000.0,515030000.0,0.13345767927763955,28.89
AZO,2023-11-30,16292570000.0,21506241000.0,-5213671000.0,4190277000.0,2214016000.0,848604000.0,593463000.0,0.14162858445873627,32.55
AZO,2023-08-31,,,,,,,,,46.46
AZPN,2024-12-31,13936790000.0,1159683000.0,12777107000.0,303555000.0,209291000.0,9470000.0,20341000.0,0.06700927344303338,0.32
AZPN,2024-09-30,13916939000.0,1163980000.0,12752959000.0,215877000.0,120430000.0,-88239000.0,-60464000.0,-0.28008541901175205,-0.96
AZPN,2024-06-30,14071707000.0,1258852000.0,12812855000.0,342905000.0,246264000.0,39209000.0,44698000.0,0.13035097184351352,0.7
AZPN,2024-03-31,14109427000.0,1298605000.0,12810822000.0,278106000.0,185164000.0,-19294000.0,1556000.0,0.0055949889610436305,0.02
AZPN,2023-12-31,14227844000.0,1378771000.0,12849073000.0,257163000.0,162230000.0,-49243000.0,-21500000.0,-0.08360456208708096,-0.34
AZPN,2023-06-30,,,,,,,,,
AZZ,2024-11-30,2244550000.0,1214962000.0,1029588000.0,403654000.0,97778000.0,58535000.0,33603000.0,0.08324703830508307,1.12
AZZ,2024-08-31,2240330000.0,1240574000.0,999756000.0,409007000.0,103514000.0,67646000.0,35419000.0,0.08659753989540521,1.18
AZZ,2024-05-31,2235779000.0,1268547000.0,967232000.0,413208000.0,102670000.0,69749000.0,39602000.0,0.09584035159048228,-1.38
AZZ,2024-02-29,2195505000.0,1261014000.0,934491000.0,366569000.0,81047000.0,42273000.0,17863000.0,0.04873025269458137,
AZZ,2023-11-30,2208756000.0,1287606000.0,921150000.0,381605000.0,88149000.0,52824000.0,26890000.0,0.07046553373252447,0.92
AZZ,2023-08-31,,,,,,,,,0.97
B,2024-09-30,3075032000.0,1770546000.0,1304486000.0,387794000.0,128392000.0,43472000.0,-2144000.0,-0.005528708541132663,-0.04
B,2024-06-30,3037087000.0,1760589000.0,1276498000.0,382232000.0,124044000.0,41377000.0,-46821000.0,-0.12249366876661295,-0.91
B,2024-03-31,3273767000.0,1942418000.0,1331349000.0,430638000.0,130542000.0,39682000.0,1947000.0,0.0045211987794853215,0.04
B,2023-12-31,3308014000.0,1945751000.0,1362263000.0,415542000.0,111114000.0,29709000.0,7216000.0,0.01736527234310852,
B,2023-09-30,3277334000.0,1940283000.0,1337051000.0,360988000.0,107498000.0,9990000.0,-21730000.0,-0.06019590678914535,-0.43
BABA,2024-12-31,1854964000000.0,760169000000.0,1094795000000.0,280154000000.0,117630000000.0,47376000000.0,49127000000.0,0.17535712500981604,20.4
BABA,2024-09-30,1762712000000.0,704834000000.0,1057878000000.0,236503000000.0,92474000000.0,35246000000.0,44033000000.0,0.18618368477355468,18.16
BABA,2024-06-30,1785054000000.0,731694000000.0,1053360000000.0,243236000000.0,97130000000.0,35989000000.0,24390000000.0,0.10027298590669144,9.92
BABA,2024-03-31,1764829000000.0,652230000000.0,1112599000000.0,221874000000.0,73776000000.0,14765000000.0,3365000000.0,0.0151662655380982,1.28
BABA,2023-12-31,1820966000000.0,678536000000.0,1142430000000.0,260348000000.0,104134000000.0,31001000000.0,14555000000.0,0.05590594127859634,5.68
BABA,2023-06-30,,,,,,,,,
BCH,2024-09-30,51687858000000.0,46213215000000.0,5474643000000.0,722211000000.0,,,288071000000.0,0.39887373634574935,570.0
BCH,2024-06-30,53566337000000.0,48227524000000.0,5338813000000.0,766741000000.0,,,323600000000.0,0.42204603640603544,640.0
BCH,2024-03-31,56791471000000.0,51616564000000.0,5174907000000.0,779342000000.0,,,297655000000.0,0.38193116757469764,590.0
BCH,2023-12-31,55718041000000.0,49636096000000.0,6081945000000.0,854443000000.0,,,515935000000.0,0.6038261183016305,
BCH,2023-09-30,55153335000000.0,50127202000000.0,5026133000000.0,676056000000.0,,,259993000000.0,0.38457317145325237,514.0
BCH,2023-06-30,,,,,,,,,658.0
BCS,2024-12-31,1518202000000.0,1445721000000.0,72481000000.0,6406000000.0,,,1193000000.0,0.186231657820793,0.268
BCS,2024-09-30,1531135000000.0,1459503000000.0,71632000000.0,6547000000.0,,,1817000000.0,0.2775316939056056,0.428
BCS,2024-06-30,1576634000000.0,1504801000000.0,71833000000.0,6324000000.0,,,1488000000.0,0.23529411764705882,
BCS,2024-03-31,1577118000000.0,1504778000000.0,72340000000.0,6953000000.0,,,1809000000.0,0.2601754638285632,0.412
BCS,2023-12-31,1477487000000.0,1405623000000.0,71864000000.0,5604000000.0,,,108000000.0,0.019271948608137045,
BCS,2023-06-30,,,,,,,,,
BJ,2024-10-31,7216222000.0,5454051000.0,1762171000.0,5099364000.0,975476000.0,241896000.0,155748000.0,0.030542632375331513,1.17
BJ,2024-07-31,6929902000.0,5274995000.0,1654907000.0,5205395000.0,956576000.0,206253000.0,144988000.0,0.027853409779661293,0.99
BJ,2024-04-30,6824727000.0,5297307000.0,1527420000.0,4918519000.0,883390000.0,161619000.0,111019000.0,0.022571631826572184,0.83
BJ,2024-01-31,6677622000.0,5218771000.0,1458851000.0,5357284000.0,963275000.0,222154000.0,145872000.0,0.027228722613921532,
BJ,2023-10-31,6837244000.0,5483548000.0,1353696000.0,4924723000.0,902480000.0,205376000.0,130467000.0,0.02649225144236539,0.97
BK,2024-12-31,416064000000.0,374300000000.0,41764000000.0,4760000000.0,,,1155000000.0,0.2426470588235294,
BK,2024-09-30,427461000000.0,385071000000.0,42390000000.0,4558000000.0,,,1182000000.0,0.2593242650285213,1.5
BK,2024-06-30,428539000000.0,387418000000.0,41121000000.0,4509000000.0,,,1168000000.0,0.2590374805943668,1.52
BK,2024-03-31,434728000000.0,393966000000.0,40762000000.0,4431000000.0,,,1025000000.0,0.2313247573911081,1.25
BK,2023-12-31,409877000000.0,368972000000.0,40905000000.0,4367000000.0,,,205000000.0,0.04694298145179757,0.33
BLX,2024-09-30,11412143000.0,10102323000.0,1309820000.0,77583000.0,,,52993000.0,0.6830491215859145,
BLX,2024-06-30,10906614000.0,9643019000.0,1263595000.0,75040000.0,,,50122000.0,0.6679371002132196,1.36
BLX,2024-03-31,10687823000.0,9449912000.0,1237911000.0,72588000.0,,,51268000.0,0.7062875406403262,1.4
BLX,2023-12-31,10743792000.0,9539968000.0,1203824000.0,49003000.0,,,46385000.0,0.9465746995081934,1.27
BLX,2023-09-30,10094590000.0,8933613000.0,1160977000.0,71777000.0,,,45753000.0,0.6374326037588642,1.25
BLX,2023-06-30,,,,,,,,,1.02
BMY,2024-12-31,92603000000.0,76215000000.0,16388000000.0,12342000000.0,7530000000.0,510000000.0,72000000.0,0.00583373845405931,
BMY,2024-09-30,93670000000.0,76470000000.0,17200000000.0,11892000000.0,8935000000.0,2172000000.0,1211000000.0,0.10183316515304407,0.6
BMY,2024-06-30,94646000000.0,77577000000.0,17069000000.0,12201000000.0,8934000000.0,1691000000.0,1680000000.0,0.13769363166953527,0.83
BMY,2024-03-31,99031000000.0,82483000000.0,16548000000.0,11865000000.0,8933000000.0,1514000000.0,-11911000000.0,-1.0038769490096924,-5.89
BMY,2023-12-31,95159000000.0,65674000000.0,29485000000.0,11477000000.0,8732000000.0,1903000000.0,1762000000.0,0.15352444018471725,0.87
BMY,2023-09-30,,,,,,,,,0.93
BR,2024-12-31,8230600000.0,6002300000.0,2228300000.0,1589200000.0,443400000.0,210600000.0,142400000.0,0.08960483262018626,1.2
BR,2024-09-30,8017100000.0,5810600000.0,2206500000.0,1422900000.0,347900000.0,134500000.0,79800000.0,0.05608264811300864,0.68
BR,2024-06-30,8242400000.0,6074100000.0,2168300000.0,1944300000.0,691200000.0,441400000.0,323200000.0,0.16622949133364193,2.72
BR,2024-03-31,8215400000.0,5948000000.0,2267400000.0,1726500000.0,539200000.0,303000000.0,213700000.0,0.12377642629597452,1.79
BR,2023-12-31,7999800000.0,5932100000.0,2067700000.0,1405000000.0,347800000.0,124400000.0,70300000.0,0.0500355871886121,0.59
BRO,2024-12-31,17612000000.0,11175000000.0,6437000000.0,1089000000.0,506000000.0,237000000.0,210000000.0,0.1928374655647383,
BRO,2024-09-30,17525000000.0,11045000000.0,6480000000.0,1186000000.0,579000000.0,358000000.0,234000000.0,0.1973018549747049,0.81
BRO,2024-06-30,15944000000.0,9907000000.0,6037000000.0,1154000000.0,569000000.0,341000000.0,257000000.0,0.22270363951473138,0.9
BRO,2024-03-31,14806000000.0,9019000000.0,5787000000.0,1237000000.0,606000000.0,391000000.0,293000000.0,0.2368633791430881,1.02
BRO,2023-12-31,14883400000.0,9304600000.0,5578800000.0,972400000.0,418700000.0,207200000.0,268700000.0,0.27632661456190866,0.94
BRO,2023-09-30,,,,,,,,,0.62
CAH,2024-12-31,47002000000.0,49923000000.0,-2921000000.0,55264000000.0,1941000000.0,530000000.0,400000000.0,0.007237984944991315,1.65
CAH,2024-09-30,43059000000.0,46335000000.0,-3276000000.0,52277000000.0,1902000000.0,551000000.0,416000000.0,0.007957610421409033,1.7
CAH,2024-06-30,45121000000.0,48333000000.0,-3212000000.0,59708000000.0,1853000000.0,538000000.0,236000000.0,0.003952569169960474,0.96
CAH,2024-03-31,45880000000.0,49142000000.0,-3262000000.0,54911000000.0,1947000000.0,585000000.0,258000000.0,0.004698512137823023,1.05
CAH,2023-12-31,46573000000.0,50020000000.0,-3447000000.0,57442000000.0,1854000000.0,523000000.0,368000000.0,0.006406462170537238,1.5
CAH,2023-09-30,,,,,,,,,
CAH,2023-06-30,,,,,,,,,
CDMO,2024-10-31,323482000.0,278674000.0,44808000.0,33482000.0,-2045000.0,-12631000.0,-17406000.0,-0.5198614180753838,-0.27
CDMO,2024-07-31,334642000.0,276006000.0,58636000.0,40173000.0,5713000.0,-2456000.0,-5534000.0,-0.1377542130286511,-0.09
CDMO,2024-04-30,336557000.0,275668000.0,60889000.0,42975000.0,5500000.0,-1294000.0,-123104000.0,-2.8645491564863295,
CDMO,2024-01-31,455227000.0,275057000.0,180170000.0,33815000.0,2383000.0,-3999000.0,-6006000.0,-0.17761348513973088,-0.09
CDMO,2023-10-31,454642000.0,270967000.0,183675000.0,25395000.0,-4665000.0,-11222000.0,-9521000.0,-0.3749163221106517,-0.15
CDMO,2023-07-31,,,,,,,,,-0.03
CDXC,2024-12-31,68278000.0,22184000.0,46094000.0,29125000.0,18197000.0,7111000.0,7179000.0,0.24648927038626608,0.09
CDXC,2024-09-30,56522000.0,22153000.0,34369000.0,25580000.0,16240000.0,1602000.0,1878000.0,0.07341673182173573,0.02
CDXC,2024-06-30,54035000.0,23317000.0,30718000.0,22739000.0,13693000.0,-256000.0,-15000.0,-0.0006596596156383306,-0.000199
CDXC,2024-03-31,54079000.0,25128000.0,28951000.0,22153000.0,13456000.0,-731000.0,-492000.0,-0.022209181600686138,-0.01
CDXC,2023-12-31,54964000.0,26508000.0,28456000.0,21196000.0,12937000.0,-168000.0,114000.0,0.005378373277976977,
CDXC,2023-09-30,,,,,,,,,-0.01
CDXC,2023-06-30,,,,,,,,,
CEF,2024-09-30,5224657000.0,67000.0,5224590000.0,515805000.0,,,514814000.0,0.9980787313034964,2.53
CEF,2024-06-30,4712236000.0,2386000.0,4709850000.0,359179000.0,,,358214000.0,0.9973133173153219,1.75
CEF,2024-03-31,4401875000.0,1057000.0,4400818000.0,286399000.0,,,285473000.0,0.9967667484872503,1.37
CEF,2023-12-31,4231929000.0,1794000.0,4230135000.0,392748000.0,,,391294000.0,0.9962978805748215,
CEF,2023-09-30,3915523000.0,0.0,3915523000.0,-138988000.0,,,-139990000.0,1.007209255475293,-0.65
CEF,2023-06-30,,,,,,,,,-0.71
CHEF,2024-12-31,1858691000.0,1321045000.0,537646000.0,1033568000.0,250961000.0,46455000.0,23926000.0,0.02314893649958203,
CHEF,2024-09-30,1773626000.0,1293281000.0,480345000.0,931452000.0,224748000.0,31882000.0,14098000.0,0.015135508861433547,0.34
CHEF,2024-06-30,1715421000.0,1253542000.0,461879000.0,954704000.0,229002000.0,33867000.0,15524000.0,0.016260537297424122,0.37
CHEF,2024-03-31,1670374000.0,1222581000.0,447793000.0,874488000.0,209436000.0,16003000.0,1931000.0,0.0022081492256040107,0.05
CHEF,2023-12-31,1705306000.0,1250634000.0,454672000.0,950473000.0,228624000.0,38155000.0,16000000.0,0.01683372384065618,0.38
CHEF,2023-09-30,,,,,,,,,0.19
CHKP,2024-09-30,5512600000.0,2684000000.0,2828600000.0,635100000.0,555200000.0,218500000.0,206900000.0,0.32577546843016847,1.83
CHKP,2024-06-30,5581400000.0,2752900000.0,2828500000.0,627400000.0,549200000.0,209300000.0,197400000.0,0.3146318138348741,1.74
CHKP,2024-03-31,5506600000.0,2739800000.0,2766800000.0,598800000.0,527900000.0,193900000.0,183900000.0,0.30711422845691383,1.6
CHKP,2023-12-31,5695500000.0,2874500000.0,2821000000.0,663500000.0,582000000.0,251800000.0,249200000.0,0.37558402411454406,2.15
CHKP,2023-09-30,5401900000.0,2617700000.0,2784200000.0,596300000.0,529200000.0,226100000.0,205000000.0,0.3437866845547543,1.75
CINF,2024-12-31,36501000000.0,22566000000.0,13935000000.0,2538000000.0,,,405000000.0,0.1595744680851064,
CINF,2024-09-30,37009000000.0,23205000000.0,13804000000.0,3320000000.0,,,820000000.0,0.2469879518072289,5.2
CINF,2024-06-30,34802000000.0,22025000000.0,12777000000.0,2544000000.0,,,312000000.0,0.12264150943396226,1.98
CINF,2024-03-31,33727000000.0,21073000000.0,12654000000.0,2935000000.0,,,755000000.0,0.2572402044293015,4.78
CINF,2023-12-31,32769000000.0,20671000000.0,12098000000.0,3356000000.0,,,1183000000.0,0.35250297973778305,7.5
CINF,2023-09-30,,,,,,,,,-0.63
CION,2024-09-30,1915621000.0,1076431000.0,839190000.0,2639000.0,,,-379000.0,-0.1436150056839712,-0.01
CION,2024-06-30,1960466000.0,1099660000.0,860806000.0,25287000.0,,,22378000.0,0.8849606517182742,0.42
CION,2024-03-31,1968274000.0,1105215000.0,863059000.0,9326000.0,,,6445000.0,0.6910787046965473,0.12
CION,2023-12-31,2001724000.0,1122161000.0,879563000.0,53702000.0,,,50992000.0,0.9495363301180589,0.94
CION,2023-09-30,1896340000.0,1035580000.0,860760000.0,50163000.0,,,47473000.0,0.9463748180930167,0.87
CME,2024-12-31,137447000000.0,110960100000.0,26486900000.0,1525300000.0,1304500000.0,947100000.0,874600000.0,0.5733953976266963,
CME,2024-09-30,137795100000.0,109578900000.0,28216200000.0,1584400000.0,1365600000.0,1024200000.0,912800000.0,0.5761171421358243,2.5
CME,2024-06-30,123379300000.0,95743500000.0,27635800000.0,1532500000.0,1327800000.0,1000600000.0,883200000.0,0.5763132137030995,2.42
CME,2024-03-31,132053700000.0,104899500000.0,27154200000.0,1487900000.0,1281900000.0,959600000.0,855200000.0,0.5747698097990457,2.35
CME,2023-12-31,129706100000.0,102968200000.0,26737900000.0,1439300000.0,1226400000.0,863200000.0,814600000.0,0.5659695685402626,2.24
CME,2023-09-30,,,,,,,,,2.06
CMS,2024-12-31,35920000000.0,27172000000.0,8748000000.0,1989000000.0,877000000.0,425000000.0,265000000.0,0.13323278029160382,
CMS,2024-09-30,34817000000.0,26176000000.0,8641000000.0,1743000000.0,739000000.0,367000000.0,253000000.0,0.1451520367183018,0.84
CMS,2024-06-30,34355000000.0,25814000000.0,8541000000.0,1607000000.0,658000000.0,283000000.0,198000000.0,0.12321095208462975,0.65
CMS,2024-03-31,33901000000.0,25395000000.0,8506000000.0,2176000000.0,935000000.0,412000000.0,287000000.0,0.13189338235294118,0.96
CMS,2023-12-31,33517000000.0,25392000000.0,8125000000.0,1950000000.0,833000000.0,406000000.0,309000000.0,0.15846153846153846,1.039402
CNO,2024-12-31,37852600000.0,35354200000.0,2498400000.0,1097200000.0,,,166100000.0,0.1513853445133066,
CNO,2024-09-30,37645400000.0,34957600000.0,2687800000.0,1129500000.0,,,9300000.0,0.008233731739707836,0.09
CNO,2024-06-30,36290200000.0,33861300000.0,2428900000.0,1066200000.0,,,116300000.0,0.10907897205027199,1.06
CNO,2024-03-31,34939700000.0,32572000000.0,2367700000.0,1152700000.0,,,112300000.0,0.09742344061768023,1.01
CNO,2023-12-31,35027100000.0,32811500000.0,2215600000.0,1170500000.0,,,36300000.0,0.031012387868432294,0.32
CNO,2023-09-30,,,,,,,,,1.46
COMP,2024-12-31,1178000000.0,765600000.0,412400000.0,1380400000.0,241100000.0,-38400000.0,-40500000.0,-0.02933932193567082,
COMP,2024-09-30,1199800000.0,768700000.0,431100000.0,1494000000.0,266300000.0,-1700000.0,-1700000.0,-0.0011378848728246318,-0.00336
COMP,2024-06-30,1215200000.0,813500000.0,401700000.0,1700600000.0,295300000.0,25600000.0,20700000.0,0.012172174526637658,0.04
COMP,2024-03-31,1144900000.0,811400000.0,333500000.0,1054100000.0,191800000.0,-73100000.0,-132900000.0,-0.12607911962811877,-0.27
COMP,2023-12-31,1160300000.0,728300000.0,432000000.0,1096400000.0,200500000.0,-80300000.0,-83700000.0,-0.07634075155052901,-0.17
COOP,2024-12-31,18939000000.0,14126000000.0,4813000000.0,870000000.0,464000000.0,283000000.0,204000000.0,0.23448275862068965,
COOP,2024-09-30,16186000000.0,11548000000.0,4638000000.0,651000000.0,270000000.0,117000000.0,80000000.0,0.1228878648233487,1.22
COOP,2024-06-30,15783000000.0,11189000000.0,4594000000.0,772000000.0,417000000.0,285000000.0,204000000.0,0.26424870466321243,3.1
COOP,2024-03-31,14775000000.0,10370000000.0,4405000000.0,722000000.0,393000000.0,235000000.0,181000000.0,0.25069252077562326,2.73
COOP,2023-12-31,14196000000.0,9914000000.0,4282000000.0,563000000.0,240000000.0,72000000.0,46000000.0,0.08170515097690942,0.69
COOP,2023-09-30,,,,,,,,,4.06
CRMD,2024-09-30,77586194.0,18873926.0,58712268.0,11456115.0,10769517.0,-3287336.0,-2776812.0,-0.2423868824640814,-0.05
CRMD,2024-06-30,57730594.0,11546663.0,46183931.0,806119.0,296280.0,-15300826.0,-14151489.0,-17.55508677999154,-0.25
CRMD,2024-03-31,68023742.0,10011022.0,58012720.0,0.0,-818539.0,-16704236.0,-14466123.0,,-0.25
CRMD,2023-12-31,82059957.0,11917528.0,70142429.0,0.0,0.0,-15668744.0,-14754029.0,,
CRMD,2023-09-30,91429120.0,8227298.0,83201822.0,0.0,0.0,-10467283.0,-9744354.0,,-0.17
CSCO,2025-01-31,121375000000.0,75845000000.0,45530000000.0,13991000000.0,9111000000.0,3123000000.0,2428000000.0,0.17354013294260595,0.61
CSCO,2024-10-31,123333000000.0,78056000000.0,45277000000.0,13841000000.0,9121000000.0,3023000000.0,2711000000.0,0.19586735062495483,0.68
CSCO,2024-07-31,124413000000.0,78956000000.0,45457000000.0,13642000000.0,8781000000.0,2730000000.0,2162000000.0,0.15848116112007038,0.54
CSCO,2024-04-30,122998000000.0,77230000000.0,45768000000.0,12702000000.0,8273000000.0,2733000000.0,1886000000.0,0.14848055424342624,0.46
CSCO,2024-01-31,101174000000.0,54923000000.0,46251000000.0,12791000000.0,8217000000.0,3108000000.0,2634000000.0,0.20592604174810414,0.65
CTV,2024-09-30,240408000.0,40891000.0,199517000.0,38251000.0,29334000.0,-1443000.0,4665000.0,0.12195759587984628,0.03
CTV,2024-06-30,239224000.0,50316000.0,188908000.0,37951000.0,28854000.0,-2793000.0,-10542000.0,-0.2777792416537114,-0.07
CTV,2024-03-31,237505000.0,43588000.0,193917000.0,36738000.0,28006000.0,-3100000.0,-6234000.0,-0.16968806140780662,-0.04
CTV,2023-12-31,249955000.0,53965000.0,195990000.0,38617000.0,30096000.0,-2549000.0,-1658000.0,-0.04293445891705725,-0.01
CTV,2023-09-30,245229000.0,52308000.0,192921000.0,36234000.0,27806000.0,-4322000.0,-2731000.0,-0.075371198322018,-0.02
CTV,2023-06-30,,,,,,,,,
CURI,2024-09-30,87567000.0,25352000.0,62215000.0,12604000.0,6764000.0,-3252000.0,-3062000.0,-0.24293874960330053,-0.06
CURI,2024-06-30,90877000.0,26053000.0,64824000.0,12395000.0,6391000.0,-2549000.0,-2031000.0,-0.16385639370713997,-0.04
CURI,2024-03-31,94563000.0,27602000.0,66961000.0,12001000.0,5253000.0,-3654000.0,-5035000.0,-0.4195483709690859,-0.09
CURI,2023-12-31,101022000.0,28376000.0,72646000.0,14775000.0,6650000.0,-4765000.0,-4659000.0,-0.31532994923857866,-0.09
CURI,2023-09-30,106308000.0,29369000.0,76939000.0,15630000.0,7136000.0,-4929000.0,-26565000.0,-1.699616122840691,-0.5
CURI,2023-06-30,,,,,,,,,
CWAN,2024-12-31,1169572000.0,139341000.0,1030231000.0,126465000.0,92904000.0,1218000.0,419282000.0,3.3153995176531055,
CWAN,2024-09-30,623453000.0,169834000.0,453619000.0,115828000.0,84471000.0,7338000.0,3629000.0,0.03133093897848534,0.02
CWAN,2024-06-30,585147000.0,156476000.0,428671000.0,106791000.0,76901000.0,3844000.0,-430000.0,-0.004026556545027203,-0.001969
CWAN,2024-03-31,547803000.0,141588000.0,406215000.0,102719000.0,74541000.0,-166000.0,1898000.0,0.018477594213339305,0.01
CWAN,2023-12-31,558743000.0,149086000.0,409657000.0,99019000.0,70684000.0,2590000.0,-4433000.0,-0.04476918571183308,-0.02
CWAN,2023-09-30,,,,,,,,,-0.01
CWAN,2023-06-30,,,,,,,,,
DB,2024-09-30,1380092000000.0,1303624000000.0,76468000000.0,7481000000.0,,,1633000000.0,0.21828632535757253,0.721054
DB,2024-06-30,1351406000000.0,1276137000000.0,75269000000.0,7598000000.0,,,8000000.0,0.0010529086601737299,-0.28
DB,2024-03-31,1330785000000.0,1254894000000.0,75891000000.0,7773000000.0,,,1422000000.0,0.1829409494403705,0.69
DB,2023-12-31,1312331000000.0,1237514000000.0,74817000000.0,6638000000.0,,,1399000000.0,0.21075625188309732,
DB,2023-09-30,1358272000000.0,1284380000000.0,73892000000.0,7155000000.0,,,1176000000.0,0.16436058700209644,0.489136
DESP,2024-09-30,879522000.0,960497000.0,-80975000.0,193929000.0,143139000.0,37217000.0,8928000.0,0.04603746732051421,0.02
DESP,2024-06-30,862981000.0,937222000.0,-74241000.0,185047000.0,133095000.0,26222000.0,13437000.0,0.07261398455527515,0.07
DESP,2024-03-31,886062000.0,1005577000.0,-119515000.0,173660000.0,121904000.0,29153000.0,13803000.0,0.07948289761603132,0.07
DESP,2023-12-31,898334000.0,1024153000.0,-125819000.0,203660000.0,143348000.0,22970000.0,-2501000.0,-0.012280271039968576,0.08
DESP,2023-09-30,893671000.0,1009067000.0,-115396000.0,178149000.0,120550000.0,16199000.0,-315000.0,-0.001768182813263055,-0.11
DESP,2023-06-30,,,,,,,,,
DGICA,2024-09-30,2346126029.0,1832755983.0,513370046.0,251737079.0,,,16751530.0,0.06654375297649338,0.51
DGICA,2024-06-30,2335253199.0,1851177332.0,484075867.0,246772546.0,,,4152777.0,0.016828359018510916,0.13
DGICA,2024-03-31,2294308053.0,1809221579.0,485086474.0,241140869.0,,,5955551.0,0.02469739378769511,0.18
DGICA,2023-12-31,2266293888.0,1786548534.0,479745354.0,239468044.0,,,-1970214.0,-0.008227461030249197,-0.06
DGICA,2023-09-30,2260277021.0,1786937443.0,473339578.0,233927771.0,,,-805301.0,-0.0034425198708023428,-0.02
DGX,2024-12-31,16153000000.0,9257000000.0,6896000000.0,2621000000.0,858000000.0,361000000.0,222000000.0,0.08470049599389547,1.95
DGX,2024-09-30,16095000000.0,9174000000.0,6921000000.0,2488000000.0,811000000.0,330000000.0,226000000.0,0.09083601286173633,1.99
DGX,2024-06-30,13881000000.0,7146000000.0,6735000000.0,2397000000.0,804000000.0,355000000.0,229000000.0,0.09553608677513559,2.03
DGX,2024-03-31,13954000000.0,7408000000.0,6546000000.0,2366000000.0,771000000.0,300000000.0,194000000.0,0.08199492814877431,1.72
DGX,2023-12-31,14022000000.0,7604000000.0,6418000000.0,2288000000.0,736000000.0,267000000.0,192000000.0,0.08391608391608392,1.7
DOCS,2024-12-31,1172157000.0,141037000.0,1031120000.0,168603000.0,154422000.0,79925000.0,75196000.0,0.4459944366351726,0.37
DOCS,2024-09-30,1118516000.0,157320000.0,961196000.0,136832000.0,123156000.0,55446000.0,44154000.0,0.3226876753975678,0.22
DOCS,2024-06-30,1073458000.0,159878000.0,913580000.0,126676000.0,113126000.0,46053000.0,41377000.0,0.3266364583662256,0.21
DOCS,2024-03-31,1079374000.0,177977000.0,901397000.0,118057000.0,105490000.0,41852000.0,40618000.0,0.34405414333754036,
DOCS,2023-12-31,1000649000.0,136035000.0,864614000.0,135284000.0,123094000.0,58551000.0,47956000.0,0.3544839005351705,0.24
DOCS,2023-09-30,,,,,,,,,0.15
DTE,2024-12-31,48846000000.0,37142000000.0,11704000000.0,3436000000.0,1151000000.0,670000000.0,292000000.0,0.08498253783469151,
DTE,2024-09-30,49806000000.0,38208000000.0,11598000000.0,2906000000.0,1074000000.0,517000000.0,477000000.0,0.1641431520991053,2.3
DTE,2024-06-30,47811000000.0,36699000000.0,11112000000.0,2875000000.0,1052000000.0,522000000.0,322000000.0,0.112,1.55
DTE,2024-03-31,45902000000.0,34724000000.0,11178000000.0,3240000000.0,1061000000.0,516000000.0,313000000.0,0.09660493827160493,1.51
DTE,2023-12-31,44755000000.0,33700000000.0,11055000000.0,3394000000.0,1216000000.0,725000000.0,419000000.0,0.1234531526222746,
DTE,2023-09-30,,,,,,,,,1.61
DTE,2023-06-30,,,,,,,,,0.97
DX,2024-12-31,8184579000.0,6999643000.0,1184936000.0,60332000.0,,,51086000.0,0.8467479944308162,0.6
DX,2024-09-30,7816174000.0,6673614000.0,1142560000.0,39704000.0,,,30997000.0,0.7807021962522668,0.38
DX,2024-06-30,6683602000.0,5638339000.0,1045263000.0,-1061000.0,,,-8304000.0,7.826578699340245,-0.15
DX,2024-03-31,6304497000.0,5345965000.0,958532000.0,51419000.0,,,40118000.0,0.7802174293549077,0.64
DX,2023-12-31,6369750000.0,5499015000.0,870735000.0,33112000.0,,,24305000.0,0.7340239188209713,0.39
EBAY,2024-12-31,19365000000.0,14207000000.0,5158000000.0,2579000000.0,1861000000.0,543000000.0,679000000.0,0.2632803412175262,
EBAY,2024-09-30,19915000000.0,14495000000.0,5420000000.0,2576000000.0,1849000000.0,595000000.0,634000000.0,0.24611801242236025,1.29
EBAY,2024-06-30,20378000000.0,14853000000.0,5525000000.0,2572000000.0,1837000000.0,549000000.0,224000000.0,0.08709175738724728,0.45
EBAY,2024-03-31,21418000000.0,15145000000.0,6273000000.0,2556000000.0,1856000000.0,631000000.0,438000000.0,0.17136150234741784,0.85
EBAY,2023-12-31,21620000000.0,15224000000.0,6396000000.0,2562000000.0,1852000000.0,410000000.0,724000000.0,0.282591725214676,1.39
EBAY,2023-09-30,,,,,,,,,2.46
EBF,2024-11-30,346055000.0,48359000.0,297696000.0,99771000.0,29249000.0,12908000.0,10204000.0,0.10227420793617384,0.39
EBF,2024-08-31,406814000.0,48445000.0,358369000.0,99038000.0,29779000.0,13222000.0,10308000.0,0.10408126173791878,0.4
EBF,2024-05-31,406167000.0,51794000.0,354373000.0,103108000.0,30904000.0,13734000.0,10687000.0,0.10364860146642356,0.41
EBF,2024-02-29,399190000.0,49349000.0,349841000.0,97434000.0,27671000.0,12935000.0,10146000.0,0.10413202783422625,0.39
EBF,2023-11-30,401210000.0,53583000.0,347627000.0,104621000.0,30531000.0,13121000.0,9906000.0,0.09468462354594202,0.38
EFC,2024-12-31,16317028000.0,14726206000.0,1590822000.0,66084000.0,,,30112000.0,0.45566249016403365,
EFC,2024-09-30,15953290000.0,14327641000.0,1625649000.0,60947000.0,,,23008000.0,0.37750832690698477,0.19
EFC,2024-06-30,15092653000.0,13518794000.0,1573859000.0,85346000.0,,,59172000.0,0.6933189604668057,0.62
EFC,2024-03-31,15132600000.0,13579444000.0,1553156000.0,69811000.0,,,33569000.0,0.48085545257910645,0.32
EFC,2023-12-31,15315930000.0,13780318000.0,1535612000.0,78971000.0,,,18602000.0,0.2355548239227058,0.18
EFC,2023-09-30,,,,,,,,,0.1
EHC,2024-12-31,6534700000.0,3685500000.0,2849200000.0,1405000000.0,585900000.0,232300000.0,120900000.0,0.08604982206405694,1.18
EHC,2024-09-30,6458400000.0,3732800000.0,2725600000.0,1351000000.0,558300000.0,209100000.0,108200000.0,0.08008882309400445,1.06
EHC,2024-06-30,6388700000.0,3858700000.0,2530000000.0,1301200000.0,543100000.0,215600000.0,114100000.0,0.08768828773439902,1.12
EHC,2024-03-31,6231400000.0,3828000000.0,2403400000.0,1316000000.0,545900000.0,207500000.0,112500000.0,0.08548632218844984,1.1
EHC,2023-12-31,6102400000.0,3805200000.0,2297200000.0,1246800000.0,511900000.0,189900000.0,87600000.0,0.07025986525505294,0.86
EPAC,2024-11-30,775351000.0,377342000.0,398009000.0,145196000.0,74652000.0,31132000.0,21723000.0,0.14961155954709496,0.4
EPAC,2024-08-31,777328000.0,385349000.0,391979000.0,158714000.0,77403000.0,33047000.0,24416000.0,0.15383646055168415,
EPAC,2024-05-31,749464000.0,383693000.0,365771000.0,150389000.0,77883000.0,34958000.0,25778000.0,0.1714088131445784,0.47
EPAC,2024-02-29,769286000.0,432360000.0,336926000.0,138437000.0,71475000.0,29919000.0,17817000.0,0.12870114203572744,0.33
EPAC,2023-11-30,765567000.0,443891000.0,321676000.0,141970000.0,74250000.0,31210000.0,17738000.0,0.12494188913150665,0.32
EPAC,2023-08-31,,,,,,,,,0.4
EPD,2024-12-31,77168000000.0,47579000000.0,29589000000.0,14201000000.0,1925000000.0,1865000000.0,1620000000.0,0.11407647348778255,0.74
EPD,2024-09-30,75062000000.0,45904000000.0,29158000000.0,13775000000.0,1742000000.0,1681000000.0,1418000000.0,0.10294010889292196,0.65
EPD,2024-06-30,73561000000.0,44764000000.0,28797000000.0,13483000000.0,1721000000.0,1664000000.0,1406000000.0,0.10427946302751613,0.64
EPD,2024-03-31,71373000000.0,42896000000.0,28477000000.0,14760000000.0,1786000000.0,1720000000.0,1457000000.0,0.09871273712737128,0.66
EPD,2023-12-31,70982000000.0,42223000000.0,28759000000.0,14622000000.0,1865000000.0,1806000000.0,1568000000.0,0.10723567227465464,0.72
EPR,2024-12-31,5616507000.0,3293262000.0,2323245000.0,164037000.0,148849000.0,85505000.0,-8395000.0,-0.05117747825185781,
EPR,2024-09-30,5689162000.0,3285459000.0,2403703000.0,163088000.0,148477000.0,96305000.0,46650000.0,0.28604189149416265,0.53
EPR,2024-06-30,5645367000.0,3220571000.0,2424796000.0,158677000.0,144250000.0,89937000.0,45102000.0,0.284237791236285,0.51
EPR,2024-03-31,5694036000.0,3245719000.0,2448317000.0,155195000.0,140275000.0,82222000.0,62709000.0,0.40406585263700506,0.75
EPR,2023-12-31,5700885000.0,3246730000.0,2454155000.0,159913000.0,145154000.0,87941000.0,45529000.0,0.2847110616397666,0.52
EPR,2023-09-30,,,,,,,,,0.66
EPR,2023-06-30,,,,,,,,,
ERIC,2024-09-30,272450000000.0,187095000000.0,85355000000.0,61794000000.0,28185000000.0,5669000000.0,3814000000.0,0.06172120270576431,1.14
ERIC,2024-03-31,299523000000.0,191884000000.0,107639000000.0,53325000000.0,22658000000.0,4371000000.0,2559000000.0,0.0479887482419128,0.77
ERIC,2023-12-31,297036000000.0,199628000000.0,97408000000.0,71881000000.0,28605000000.0,37750000000.0,3394000000.0,0.04721692797818617,1.02
ERIC,2023-09-30,306349000000.0,200914000000.0,105435000000.0,64473000000.0,24728000000.0,-28817000000.0,-30670000000.0,-0.4757030074604873,-9.21
ERIC,2023-06-30,343358000000.0,211003000000.0,132355000000.0,64444000000.0,24101000000.0,-55000000.0,-686000000.0,-0.010644900999317237,-0.21
ERJ,2024-09-30,11671300000.0,8255600000.0,3415700000.0,1692400000.0,314800000.0,287800000.0,178800000.0,0.1056487827936658,0.9736
ERJ,2024-06-30,10876100000.0,7762300000.0,3113800000.0,1494200000.0,240000000.0,128690000.0,99400000.0,0.06652389238388436,0.5412
ERJ,2024-03-31,10773700000.0,7731400000.0,3042300000.0,896600000.0,168700000.0,-3600000.0,28700000.0,0.032009814856123135,0.1564
ERJ,2023-12-31,10782500000.0,7743200000.0,3039300000.0,1975100000.0,339500000.0,147900000.0,192600000.0,0.09751404992152296,
ESAB,2024-12-31,4033975000.0,2225726000.0,1808249000.0,670756000.0,258323000.0,113082000.0,53744000.0,0.08012451621752172,0.88
ESAB,2024-09-30,4084534000.0,2206809000.0,1877725000.0,673250000.0,253790000.0,107890000.0,68240000.0,0.10135907909394727,1.11
ESAB,2024-06-30,3967111000.0,2217686000.0,1749425000.0,707053000.0,270315000.0,124128000.0,82907000.0,0.11725712216764514,1.35
ESAB,2024-03-31,3827489000.0,2145111000.0,1682378000.0,689744000.0,255027000.0,112577000.0,59951000.0,0.08691775499315688,0.98
ESAB,2023-12-31,3828629000.0,2180972000.0,1647657000.0,689348000.0,254725000.0,110086000.0,50239000.0,0.07287901031119261,
ESAB,2023-09-30,,,,,,,,,0.94
ESE,2024-12-31,1795064000.0,558131000.0,1236933000.0,247026000.0,98384000.0,31607000.0,23473000.0,0.0950223863075142,0.909603
ESE,2024-09-30,1838620000.0,601270000.0,1237350000.0,298533000.0,119725000.0,51511000.0,34263000.0,0.11477123132116047,1.32
ESE,2024-06-30,1811055000.0,617369000.0,1193686000.0,260783000.0,103348000.0,40248000.0,29230000.0,0.11208552704739189,1.13
ESE,2024-03-31,1784191000.0,617781000.0,1166410000.0,249129000.0,96782000.0,33113000.0,23219000.0,0.09320071127809287,0.9
ESE,2023-12-31,1772526000.0,618432000.0,1154094000.0,218314000.0,84163000.0,22327000.0,15169000.0,0.06948248852570152,0.587828
ETR,2024-12-31,64790032000.0,49605048000.0,15184984000.0,2742305000.0,1254518000.0,644974000.0,287162000.0,0.10471555862677565,
ETR,2024-09-30,64462049000.0,49320338000.0,15141711000.0,3389100000.0,1768879000.0,1125862000.0,645754000.0,0.19053849104482015,1.495
ETR,2024-06-30,62766297000.0,48084642000.0,14681655000.0,2953620000.0,1490313000.0,617630000.0,51732000.0,0.01751477847522701,0.115
ETR,2024-03-31,61629856000.0,47055490000.0,14574366000.0,2794628000.0,1224575000.0,369757000.0,76536000.0,0.02738682930250466,0.175
ETR,2023-12-31,59703396000.0,44960290000.0,14743106000.0,2724805000.0,1004879000.0,261158000.0,988284000.0,0.36269898212899637,2.32
ETR,2023-09-30,,,,,,,,,1.57
EVRG,2024-12-31,32282100000.0,22292900000.0,9989200000.0,1257400000.0,607000000.0,238900000.0,78200000.0,0.06219182439955464,
EVRG,2024-09-30,32146100000.0,22089900000.0,10056200000.0,1811400000.0,1026400000.0,621600000.0,465600000.0,0.2570387545544882,2.02
EVRG,2024-06-30,31831000000.0,22099300000.0,9731700000.0,1447500000.0,750800000.0,351800000.0,207000000.0,0.14300518134715026,0.9
EVRG,2024-03-31,31256300000.0,21592200000.0,9664100000.0,1331000000.0,650400000.0,260200000.0,122700000.0,0.09218632607062359,0.53
EVRG,2023-12-31,30976100000.0,21291100000.0,9685000000.0,1187900000.0,551700000.0,180600000.0,58000000.0,0.048825658725481946,
EVRG,2023-09-30,,,,,,,,,1.53
EVRI,2024-12-31,1921909000.0,1665973000.0,255936000.0,189516000.0,147699000.0,22943000.0,3863000.0,0.020383503239831992,
EVRI,2024-09-30,2104571000.0,1852952000.0,251619000.0,187851000.0,146926000.0,11429000.0,-2574000.0,-0.013702349202293306,-0.03
EVRI,2024-06-30,2084208000.0,1838618000.0,245590000.0,191190000.0,152311000.0,30061000.0,9173000.0,0.04797845075579267,0.11
EVRI,2024-03-31,2122590000.0,1891295000.0,231295000.0,189346000.0,153136000.0,24752000.0,4554000.0,0.0240512078417289,0.05
EVRI,2023-12-31,2123870000.0,1897728000.0,226142000.0,192032000.0,156255000.0,21519000.0,1892000.0,0.009852524579236794,0.02
EVRI,2023-09-30,,,,,,,,,0.29
EWTX,2024-12-31,486817000.0,27601000.0,459216000.0,0.0,,-45540000.0,-39662000.0,,
EWTX,2024-09-30,511282000.0,22405000.0,488877000.0,0.0,,-40432000.0,-34129000.0,,-0.36
EWTX,2024-06-30,531647000.0,21173000.0,510474000.0,0.0,,-38107000.0,-31497000.0,,-0.336811
EWTX,2024-03-31,553806000.0,18865000.0,534941000.0,0.0,,-34753000.0,-28525000.0,,-0.33
EWTX,2023-12-31,340035000.0,21205000.0,318830000.0,0.0,,-33862000.0,-30143000.0,,
EWTX,2023-09-30,,,,,,,,,-0.41
EXEL,2024-12-31,2947690000.0,703487000.0,2244203000.0,566755000.0,546790000.0,163460000.0,139861000.0,0.2467750615345255,
EXEL,2024-09-30,2960276000.0,684857000.0,2275419000.0,539542000.0,522214000.0,187843000.0,117973000.0,0.21865396947781637,0.4
EXEL,2024-06-30,2773121000.0,653387000.0,2119734000.0,637178000.0,619511000.0,276349000.0,226116000.0,0.354871009356883,0.77
EXEL,2024-03-31,2803752000.0,675744000.0,2128008000.0,425226000.0,403970000.0,62297000.0,37317000.0,0.08775803925442001,0.12
EXEL,2023-12-31,2942357000.0,678445000.0,2263912000.0,479652000.0,457899000.0,81788000.0,85518000.0,0.17829176152710716,0.27
EXC,2024-12-31,107784000000.0,80863000000.0,26921000000.0,5471000000.0,2388000000.0,1098000000.0,647000000.0,0.11825991592030707,
EXC,2024-09-30,106070000000.0,79448000000.0,26622000000.0,6154000000.0,2496000000.0,1193000000.0,707000000.0,0.1148846278843029,0.7
EXC,2024-06-30,105113000000.0,78961000000.0,26152000000.0,5361000000.0,2160000000.0,906000000.0,448000000.0,0.08356649878753963,0.45
EXC,2024-03-31,103211000000.0,77150000000.0,26061000000.0,6043000000.0,2362000000.0,1112000000.0,658000000.0,0.10888631474433229,0.66
EXC,2023-12-31,101856000000.0,76101000000.0,25755000000.0,5367000000.0,2317000000.0,1082000000.0,617000000.0,0.11496180361468232,0.617618
EZPW,2024-12-31,1499133000.0,675239000.0,823894000.0,320170000.0,185404000.0,41949000.0,31016000.0,0.09687353593403504,0.4
EZPW,2024-09-30,1493237000.0,688666000.0,804571000.0,294551000.0,175381000.0,26218000.0,15196000.0,0.05159038672420056,
EZPW,2024-06-30,1510163000.0,708708000.0,801455000.0,281421000.0,166727000.0,22174000.0,17950000.0,0.06378344188955337,0.25
EZPW,2024-03-31,1508142000.0,707746000.0,800396000.0,285639000.0,167592000.0,27290000.0,21479000.0,0.07519631422879929,0.29
EZPW,2023-12-31,1481193000.0,706310000.0,774883000.0,299991000.0,172573000.0,36910000.0,28470000.0,0.09490284708541256,0.36
EZPW,2023-06-30,,,,,,,,,0.24
FDP,2024-12-31,3096200000.0,1089400000.0,2006800000.0,1013200000.0,68700000.0,20400000.0,20400000.0,0.020134228187919462,
FDP,2024-09-30,3156900000.0,1149300000.0,2007600000.0,1019500000.0,93800000.0,45900000.0,42100000.0,0.04129475232957332,0.88
FDP,2024-06-30,3109100000.0,1138900000.0,1970200000.0,1139700000.0,113200000.0,63300000.0,53600000.0,0.047029920154426606,1.12
FDP,2024-03-31,3200000000.0,1271900000.0,1928100000.0,1107900000.0,82300000.0,31600000.0,26100000.0,0.023558082859463852,0.55
FDP,2023-12-31,3184100000.0,1271400000.0,1912700000.0,1008600000.0,62500000.0,18400000.0,-106500000.0,-0.10559190957763236,-2.22
FDP,2023-06-30,,,,,,,,,
FI,2024-12-31,77176000000.0,49490000000.0,27686000000.0,5251000000.0,3232000000.0,1668000000.0,938000000.0,0.1786326414016378,
FI,2024-09-30,79792000000.0,51389000000.0,28403000000.0,5215000000.0,3208000000.0,1602000000.0,564000000.0,0.10814956855225312,0.98
FI,2024-06-30,93417000000.0,64639000000.0,28778000000.0,5107000000.0,3125000000.0,1428000000.0,894000000.0,0.1750538476600744,1.53
FI,2024-03-31,92698000000.0,63115000000.0,29583000000.0,4883000000.0,2878000000.0,1181000000.0,735000000.0,0.15052221994675405,1.24
FI,2023-12-31,90890000000.0,60221000000.0,30669000000.0,4917000000.0,3075000000.0,1451000000.0,870000000.0,0.17693715680292862,1.45
FI,2023-09-30,,,,,,,,,1.56
FINV,2024-09-30,22778572000.0,7892305000.0,14886267000.0,3276051000.0,2672980000.0,560225000.0,623595000.0,0.19034960078460317,2.4
FINV,2024-06-30,21953948000.0,7578709000.0,14375239000.0,3168000000.0,2592769000.0,558533000.0,551145000.0,0.1739725378787879,2.05
FINV,2024-03-31,21399559000.0,7579644000.0,13819915000.0,3165081000.0,2625526000.0,628449000.0,527701000.0,0.16672590685672814,1.95
FINV,2023-12-31,21293673000.0,7422775000.0,13870898000.0,3276711000.0,2660455000.0,512771000.0,524559000.0,0.160087050704197,1.9
FINV,2023-09-30,22231833000.0,8675818000.0,13556015000.0,3197527000.0,2677542000.0,553389000.0,565958000.0,0.17699866177830556,2.05
FINV,2023-06-30,,,,,,,,,
FNV,2024-09-30,6299600000.0,312800000.0,5986800000.0,275700000.0,189600000.0,179400000.0,152700000.0,0.5538628944504896,0.79
FNV,2024-06-30,6141200000.0,296000000.0,5845200000.0,260100000.0,178100000.0,168700000.0,79500000.0,0.30565167243367936,0.41
FNV,2024-03-31,6059300000.0,239800000.0,5819500000.0,256800000.0,165000000.0,156500000.0,144500000.0,0.5626947040498442,0.75
FNV,2023-12-31,5994100000.0,225000000.0,5769100000.0,303300000.0,189300000.0,184100000.0,-982500000.0,-3.239366963402572,
FNV,2023-09-30,6985900000.0,214600000.0,6771300000.0,309500000.0,192500000.0,186800000.0,175100000.0,0.565751211631664,0.91
FOXA,2024-12-31,23022000000.0,11211000000.0,11811000000.0,5078000000.0,,680000000.0,373000000.0,0.07345411579361953,0.81
FOXA,2024-09-30,22538000000.0,10960000000.0,11578000000.0,3564000000.0,,953000000.0,827000000.0,0.23204264870931537,1.78
FOXA,2024-06-30,21972000000.0,10916000000.0,11056000000.0,3092000000.0,,671000000.0,319000000.0,0.10316946959896507,0.68
FOXA,2024-03-31,21717000000.0,10792000000.0,10925000000.0,3447000000.0,,789000000.0,666000000.0,0.19321148825065274,1.4
FOXA,2023-12-31,22846000000.0,12278000000.0,10568000000.0,4234000000.0,,249000000.0,109000000.0,0.02574397732640529,0.23
FOXA,2023-09-30,,,,,,,,,
FOX,2024-12-31,23022000000.0,11211000000.0,11811000000.0,5078000000.0,,680000000.0,373000000.0,0.07345411579361953,0.81
FOX,2024-09-30,22538000000.0,10960000000.0,11578000000.0,3564000000.0,,953000000.0,827000000.0,0.23204264870931537,1.78
FOX,2024-06-30,21972000000.0,10916000000.0,11056000000.0,3092000000.0,,671000000.0,319000000.0,0.10316946959896507,
FOX,2024-03-31,21717000000.0,10792000000.0,10925000000.0,3447000000.0,,789000000.0,666000000.0,0.19321148825065274,1.4
FOX,2023-12-31,22846000000.0,12278000000.0,10568000000.0,4234000000.0,,249000000.0,109000000.0,0.02574397732640529,0.23
FOX,2023-09-30,,,,,,,,,0.82
FPH,2024-12-31,3076417000.0,896320000.0,2180097000.0,159786000.0,64257000.0,50037000.0,46493000.0,0.29097042294068315,
FPH,2024-09-30,2949464000.0,885395000.0,2064069000.0,17013000.0,11526000.0,-385000.0,4756000.0,0.2795509316405102,0.07
FPH,2024-06-30,2920139000.0,867812000.0,2052327000.0,51192000.0,37999000.0,25813000.0,14722000.0,0.28758399749960933,0.21
FPH,2024-03-31,2871733000.0,858628000.0,2013105000.0,9935000.0,5049000.0,-7867000.0,2326000.0,0.23412179164569702,0.03
FPH,2023-12-31,2969288000.0,962184000.0,2007104000.0,118759000.0,42478000.0,29383000.0,29756000.0,0.25055785245749795,0.39
FPH,2023-09-30,,,,,,,,,0.09
FPH,2023-06-30,,,,,,,,,
FSI,2024-09-30,57828165.0,17499891.0,40328274.0,9314937.0,3806816.0,1946583.0,611858.0,0.06568568311304736,0.05
FSI,2024-06-30,56344896.0,17281028.0,39063868.0,10528739.0,3939095.0,2018593.0,1289796.0,0.12250241933055801,0.1
FSI,2024-03-31,57576067.0,18484956.0,39091111.0,9224872.0,2820367.0,764196.0,457226.0,0.04956448176191496,0.04
FSI,2023-12-31,55471055.0,17202983.0,38268072.0,9425377.0,2741155.0,1234352.0,1799791.0,0.19095161922966053,
FSI,2023-09-30,53094632.0,16607875.0,36486757.0,8720621.0,1472355.0,-273882.0,-718161.0,-0.08235204809382268,-0.06
FSI,2023-06-30,,,,,,,,,0.07
FSK,2024-12-31,14219000000.0,7597000000.0,6622000000.0,184000000.0,,,147000000.0,0.7989130434782609,
FSK,2024-09-30,15149000000.0,8478000000.0,6671000000.0,170000000.0,,,160000000.0,0.9411764705882353,0.57
FSK,2024-06-30,15101000000.0,8394000000.0,6707000000.0,115000000.0,,,105000000.0,0.9130434782608695,0.37
FSK,2024-03-31,15152000000.0,8340000000.0,6812000000.0,185000000.0,,,173000000.0,0.9351351351351351,0.62
FSK,2023-12-31,15469000000.0,8620000000.0,6849000000.0,129000000.0,,,90000000.0,0.6976744186046512,
FSK,2023-09-30,,,,,,,,,0.95
FSK,2023-06-30,,,,,,,,,0.51
FUTU,2024-09-30,143462024000.0,115043807000.0,28418217000.0,3436132000.0,2811252000.0,1731307000.0,1321062000.0,0.384461947329148,9.44
FUTU,2024-06-30,120885687000.0,93987145000.0,26898542000.0,3128986000.0,2554687000.0,1480307000.0,1212190000.0,0.3874066550633336,8.64
FUTU,2024-03-31,107331348000.0,81662755000.0,25668593000.0,2592459000.0,2122213000.0,1192727000.0,1038138000.0,0.4004452915166643,7.44
FUTU,2023-12-31,97135847000.0,72564116000.0,24571731000.0,2373262000.0,1939773000.0,1023783000.0,878225000.0,0.3700497458771935,6.32
FUTU,2023-09-30,96639782000.0,73105319000.0,23534463000.0,2650415000.0,2213018000.0,1320164000.0,1091465000.0,0.41180909404753596,7.84
FUTU,2023-06-30,,,,,,,,,
FYBR,2024-12-31,20614000000.0,15674000000.0,4940000000.0,1490000000.0,956000000.0,122000000.0,-118000000.0,-0.07919463087248323,-0.47
FYBR,2024-09-30,20859000000.0,15793000000.0,5066000000.0,1471000000.0,933000000.0,114000000.0,-82000000.0,-0.0557443915703603,-0.33
FYBR,2024-06-30,20194000000.0,15057000000.0,5137000000.0,1466000000.0,950000000.0,117000000.0,-123000000.0,-0.08390177353342429,-0.49
FYBR,2024-03-31,20197000000.0,14938000000.0,5259000000.0,1446000000.0,924000000.0,124000000.0,1000000.0,0.0006915629322268327,0.004048
FYBR,2023-12-31,20693000000.0,15414000000.0,5279000000.0,1409000000.0,899000000.0,145000000.0,17000000.0,0.0120652945351313,0.07
FYBR,2023-06-30,,,,,,,,,
G,2024-12-31,4987153000.0,2597542000.0,2389611000.0,1248741000.0,445772000.0,190174000.0,141915000.0,0.11364646471926525,
G,2024-09-30,5325660000.0,2930967000.0,2394693000.0,1210949000.0,431438000.0,181650000.0,132818000.0,0.10968091967539509,0.74
G,2024-06-30,5178265000.0,2840506000.0,2337759000.0,1176212000.0,416378000.0,170251000.0,121990000.0,0.10371429640234923,0.67
G,2024-03-31,4740642000.0,2442272000.0,2298370000.0,1131237000.0,396478000.0,159986000.0,116947000.0,0.10337975154631611,0.64
G,2023-12-31,4805713000.0,2557321000.0,2248392000.0,1146253000.0,407554000.0,162614000.0,291309000.0,0.2541402290768268,1.59
G,2023-09-30,,,,,,,,,0.64
GB,2024-12-31,1160144000.0,1019548000.0,140596000.0,131387000.0,97511000.0,32046000.0,31764000.0,0.2417590781431953,0.13
GB,2024-09-30,1156828000.0,1051129000.0,105699000.0,131961000.0,100729000.0,42328000.0,14599000.0,0.11063117133092353,0.06
GB,2024-06-30,1183889000.0,1089356000.0,94533000.0,117753000.0,91527000.0,28816000.0,23832000.0,0.20238974803189727,0.1
GB,2024-03-31,1090646000.0,1020322000.0,70324000.0,105238000.0,66823000.0,17559000.0,-6682000.0,-0.06349417510785077,
GB,2023-12-31,1080290000.0,1008656000.0,71634000.0,109406000.0,80737000.0,29283000.0,12936000.0,0.11823848783430525,0.06
GB,2023-09-30,,,,,,,,,-0.00223
GB,2023-06-30,,,,,,,,,
GE,2024-12-31,123140000000.0,103575000000.0,19565000000.0,10811000000.0,4049000000.0,2605000000.0,1899000000.0,0.17565442604754417,
GE,2024-09-30,126698000000.0,107595000000.0,19103000000.0,9842000000.0,3616000000.0,1241000000.0,1852000000.0,0.1881731355415566,1.7
GE,2024-06-30,123190000000.0,104347000000.0,18843000000.0,9093000000.0,3518000000.0,1627000000.0,1266000000.0,0.13922797756516,1.15
GE,2024-03-31,163942000000.0,132839000000.0,31103000000.0,16053000000.0,4433000000.0,1030000000.0,1537000000.0,0.09574534354949231,1.39
GE,2023-12-31,173300000000.0,144695000000.0,28605000000.0,19423000000.0,5027000000.0,1195000000.0,1592000000.0,0.08196468104824177,1.45
GE,2023-09-30,,,,,,,,,0.24
GE,2023-06-30,,,,,,,,,
GENI,2024-09-30,724878000.0,169613000.0,555265000.0,120198000.0,40082000.0,-5624000.0,12505000.0,0.1040366728231751,0.05
GENI,2024-06-30,715988000.0,163602000.0,552386000.0,95447000.0,28368000.0,-19374000.0,-21792000.0,-0.22831519062935451,-0.09
GENI,2024-03-31,745421000.0,194887000.0,550534000.0,119718000.0,12807000.0,-23814000.0,-25541000.0,-0.21334302277017658,-0.11
GENI,2023-12-31,775724000.0,202705000.0,573019000.0,127172000.0,10516000.0,-34059000.0,-38452000.0,-0.3023621551913943,-0.17
GENI,2023-09-30,772199000.0,194759000.0,577440000.0,101729000.0,24283000.0,-8058000.0,-11616000.0,-0.11418572874991399,-0.05
GENI,2023-06-30,,,,,,,,,
GFL,2024-12-31,21207400000.0,13985700000.0,7221700000.0,1985900000.0,379500000.0,105100000.0,-189100000.0,-0.09522131023717206,
GFL,2024-09-30,20138600000.0,13133400000.0,7005200000.0,2014700000.0,410200000.0,162900000.0,110400000.0,0.05479724028391324,0.23
GFL,2024-06-30,20275400000.0,13320000000.0,6955400000.0,2060000000.0,398800000.0,144900000.0,-471200000.0,-0.2287378640776699,-1.31
GFL,2024-03-31,20048400000.0,12662700000.0,7385700000.0,1801400000.0,297200000.0,21800000.0,-172800000.0,-0.09592539136227379,-0.53
GFL,2023-12-31,19879200000.0,12493000000.0,7386200000.0,1882800000.0,308700000.0,32300000.0,-52200000.0,-0.027724665391969407,-0.21
GFL,2023-09-30,,,,,,,,,0.059801
GFL,2023-06-30,,,,,,,,,
GILD,2024-12-31,58995000000.0,39749000000.0,19246000000.0,7569000000.0,5988000000.0,2440000000.0,1783000000.0,0.23556612498348528,1.42
GILD,2024-09-30,54525000000.0,36135000000.0,18390000000.0,7545000000.0,5971000000.0,3143000000.0,1253000000.0,0.1660702451954937,1.0
GILD,2024-06-30,53579000000.0,35382000000.0,18197000000.0,6953000000.0,5409000000.0,2681000000.0,1614000000.0,0.23213001582050913,1.29
GILD,2024-03-31,56292000000.0,38837000000.0,17455000000.0,6686000000.0,5134000000.0,-191000000.0,-4170000000.0,-0.623691295243793,-3.34
GILD,2023-12-31,62125000000.0,39376000000.0,22749000000.0,7114000000.0,5024000000.0,2008000000.0,1429000000.0,0.20087152094461624,1.14
GILD,2023-09-30,,,,,,,,,
GILD,2023-06-30,,,,,,,,,
GRMN,2024-12-31,9630527000.0,1782129000.0,7848398000.0,1822561000.0,1079925000.0,516081000.0,435733000.0,0.23907732032014292,2.25
GRMN,2024-09-30,9347732000.0,1841185000.0,7506547000.0,1586022000.0,951599000.0,437475000.0,399111000.0,0.25164278931818096,2.07
GRMN,2024-06-30,8883322000.0,1878340000.0,7004982000.0,1506671000.0,862891000.0,342027000.0,300630000.0,0.19953261196372665,1.56
GRMN,2024-03-31,8633880000.0,1387783000.0,7246097000.0,1381649000.0,802139000.0,298410000.0,275961000.0,0.1997330725821102,1.43
GRMN,2023-12-31,8603569000.0,1591509000.0,7012060000.0,1482501000.0,864149000.0,340454000.0,542127000.0,0.36568407036487666,2.82
GRMN,2023-09-30,,,,,,,,,
GSHD,2024-12-31,397653000.0,358577000.0,39076000.0,93922000.0,,,14855000.0,0.15816315666191094,
GSHD,2024-09-30,358063000.0,355818000.0,2245000.0,78035000.0,,,7559000.0,0.0968667905427052,0.29
GSHD,2024-06-30,338207000.0,357940000.0,-19733000.0,78088000.0,,,6198000.0,0.07937199057473619,0.24
GSHD,2024-03-31,366209000.0,337969000.0,28240000.0,64460000.0,,,1814000.0,0.02814148309028855,0.05
GSHD,2023-12-31,354892000.0,338106000.0,16786000.0,63014000.0,,,3621000.0,0.057463420827117785,0.14
HALO,2024-12-31,2063477000.0,1699656000.0,363821000.0,298008000.0,255953000.0,175501000.0,137012000.0,0.45975946954444175,1.06
HALO,2024-09-30,2118030000.0,1665327000.0,452703000.0,290084000.0,240658000.0,163197000.0,137011000.0,0.47231491567959627,1.05
HALO,2024-06-30,1969453000.0,1680029000.0,289424000.0,231353000.0,191746000.0,117235000.0,93245000.0,0.4030421044896759,0.72
HALO,2024-03-31,1841527000.0,1663719000.0,177808000.0,195879000.0,167550000.0,95542000.0,76823000.0,0.39219620275782496,0.6
HALO,2023-12-31,1733270000.0,1649462000.0,83808000.0,230039000.0,177741000.0,101035000.0,85388000.0,0.3711892331300345,
HALO,2023-09-30,,,,,,,,,0.61
HCP,2024-10-31,1692917000.0,435252000.0,1257665000.0,173389000.0,143601000.0,-29882000.0,-13006000.0,-0.07501052546586,-0.06
HCP,2024-07-31,1678800000.0,444868000.0,1233932000.0,165138000.0,134929000.0,-43298000.0,-26462000.0,-0.16024173721372428,-0.13
HCP,2024-04-30,1648573000.0,436994000.0,1211579000.0,160579000.0,130267000.0,-67712000.0,-51128000.0,-0.3183977979686011,-0.26
HCP,2024-01-31,1691947000.0,478954000.0,1212993000.0,155783000.0,128811000.0,-48299000.0,-31622000.0,-0.20298748900714456,
HCP,2023-10-31,1586269000.0,394546000.0,1191723000.0,146125000.0,120520000.0,-55573000.0,-39473000.0,-0.2701317365269461,-0.2
HCP,2023-07-31,,,,,,,,,-0.34
HESM,2024-12-31,4151000000.0,3685700000.0,465300000.0,395000000.0,343700000.0,243000000.0,70400000.0,0.17822784810126582,
HESM,2024-09-30,4146900000.0,3705100000.0,441800000.0,377600000.0,326100000.0,231700000.0,58600000.0,0.1551906779661017,0.63
HESM,2024-06-30,4050100000.0,3647500000.0,402600000.0,364600000.0,314100000.0,222300000.0,49500000.0,0.13576522216127263,0.59
HESM,2024-03-31,3862800000.0,3481100000.0,381700000.0,354700000.0,304900000.0,222000000.0,44600000.0,0.12574006202424584,0.59
HESM,2023-12-31,3789500000.0,3426300000.0,363200000.0,359500000.0,309100000.0,210100000.0,37500000.0,0.1043115438108484,0.55
HG,2024-12-31,7796033000.0,5467196000.0,2328837000.0,582955000.0,,,33920000.0,0.05818630940638643,0.32
HG,2024-09-30,7826547000.0,5452861000.0,2373686000.0,525051000.0,,,78250000.0,0.14903314154244063,0.74
HG,2024-06-30,7623103000.0,5307281000.0,2315822000.0,600424000.0,,,131085000.0,0.218320720024516,1.2
HG,2024-03-31,7349025000.0,5084793000.0,2264232000.0,670595000.0,,,157174000.0,0.23437991634294916,1.38
HG,2023-12-31,6671355000.0,4623372000.0,2047983000.0,506194000.0,,,126865000.0,0.2506252543491231,1.15
HIPO,2024-09-30,1545400000.0,1215300000.0,330100000.0,95500000.0,,,-8500000.0,-0.08900523560209424,-0.34
HIPO,2024-06-30,1510300000.0,1183700000.0,326600000.0,89600000.0,,,-40500000.0,-0.45200892857142855,-1.64
HIPO,2024-03-31,1496300000.0,1141500000.0,354800000.0,85100000.0,,,-35700000.0,-0.4195064629847238,-1.47
HIPO,2023-12-31,1524700000.0,1140000000.0,384700000.0,64500000.0,,,-42300000.0,-0.6558139534883721,
HIPO,2023-09-30,1647000000.0,1235700000.0,411300000.0,57700000.0,,,-53100000.0,-0.9202772963604853,-2.24
HIPO,2023-06-30,,,,,,,,,-4.61
HMN,2024-12-31,14487800000.0,13200300000.0,1287500000.0,393100000.0,,,38200000.0,0.09717629102009667,
HMN,2024-09-30,14713600000.0,13426600000.0,1287000000.0,397600000.0,,,34300000.0,0.08626760563380281,0.83
HMN,2024-06-30,14282100000.0,13073300000.0,1208800000.0,379000000.0,,,3800000.0,0.010026385224274407,0.09
HMN,2024-03-31,14236300000.0,13024900000.0,1211400000.0,379800000.0,,,26500000.0,0.06977356503422855,0.64
HMN,2023-12-31,14049900000.0,12874600000.0,1175300000.0,384400000.0,,,39500000.0,0.10275754422476586,0.95
HMN,2023-09-30,,,,,,,,,0.28
HSBC,2024-12-31,3017048000000.0,2824775000000.0,192273000000.0,16959000000.0,,,351000000.0,0.020696975057491598,
HSBC,2024-09-30,3098621000000.0,2898596000000.0,200025000000.0,16926000000.0,,,6516000000.0,0.38496986884083656,1.7
HSBC,2024-06-30,2975003000000.0,2784589000000.0,190414000000.0,20272000000.0,,,6528000000.0,0.32202052091554856,
HSBC,2024-03-31,3000517000000.0,2802140000000.0,198377000000.0,17335000000.0,,,10584000000.0,0.6105566772425728,2.7
HSBC,2023-12-31,3038677000000.0,2846067000000.0,192610000000.0,13613000000.0,,,-28000000.0,-0.0020568574157055755,
HSBC,2023-06-30,,,,,,,,,
HSII,2024-12-31,1194188000.0,741371000.0,452817000.0,280886000.0,69796000.0,19609000.0,-14976000.0,-0.05331700405146572,
HSII,2024-09-30,1145780000.0,662495000.0,483285000.0,282815000.0,68760000.0,19082000.0,14829000.0,0.05243356964800311,0.71
HSII,2024-06-30,1016325000.0,555393000.0,460932000.0,282877000.0,75289000.0,18980000.0,-5157000.0,-0.018230538361195855,-0.25
HSII,2024-03-31,965470000.0,496685000.0,468785000.0,269098000.0,67253000.0,16274000.0,14032000.0,0.05214457186601164,0.67
HSII,2023-12-31,1141591000.0,679313000.0,462278000.0,257390000.0,76133000.0,21864000.0,14855000.0,0.05771397490189984,0.72
HSII,2023-09-30,,,,,,,,,0.73
HSII,2023-06-30,,,,,,,,,
HSTM,2024-12-31,510766000.0,151411000.0,359355000.0,74235000.0,49124000.0,4689000.0,4889000.0,0.06585842257695157,0.16
HSTM,2024-09-30,502831000.0,147350000.0,355481000.0,73095000.0,48625000.0,6498000.0,5725000.0,0.07832273069293386,0.19
HSTM,2024-06-30,499555000.0,150341000.0,349214000.0,71556000.0,47818000.0,4411000.0,4168000.0,0.05824808541561854,0.14
HSTM,2024-03-31,511605000.0,166751000.0,344854000.0,72760000.0,48143000.0,5690000.0,5227000.0,0.0718389224848818,0.17
HSTM,2023-12-31,499942000.0,159190000.0,340752000.0,70581000.0,46570000.0,4254000.0,4590000.0,0.06503166574573893,0.15
HURN,2024-12-31,1343617000.0,782290000.0,561327000.0,399314000.0,128425000.0,49433000.0,33989000.0,0.08511847819009602,
HURN,2024-09-30,1328780000.0,806008000.0,522772000.0,378089000.0,122105000.0,45582000.0,27149000.0,0.07180584465562341,1.47
HURN,2024-06-30,1325913000.0,825335000.0,500578000.0,381017000.0,122985000.0,61459000.0,37482000.0,0.09837356338431094,2.03
HURN,2024-03-31,1346954000.0,851348000.0,495606000.0,363385000.0,102498000.0,22258000.0,18006000.0,0.04955075195729048,0.95
HURN,2023-12-31,1262142000.0,729250000.0,532892000.0,350005000.0,105139000.0,32021000.0,2832000.0,0.008091312981243125,0.15
HURN,2023-09-30,,,,,,,,,1.1
HURN,2023-06-30,,,,,,,,,
HWM,2024-12-31,10519000000.0,5965000000.0,4554000000.0,1891000000.0,602000000.0,430000000.0,314000000.0,0.16604970914859862,
HWM,2024-09-30,10558000000.0,6055000000.0,4503000000.0,1835000000.0,582000000.0,420000000.0,332000000.0,0.18092643051771118,0.81
HWM,2024-06-30,10679000000.0,6402000000.0,4277000000.0,1880000000.0,593000000.0,411000000.0,266000000.0,0.14148936170212767,0.65
HWM,2024-03-31,10410000000.0,6324000000.0,4086000000.0,1824000000.0,534000000.0,369000000.0,243000000.0,0.13322368421052633,0.59
HWM,2023-12-31,10428000000.0,6391000000.0,4037000000.0,1731000000.0,501000000.0,331000000.0,236000000.0,0.1363373772385904,0.57
HWM,2023-09-30,,,,,,,,,0.45
HWM,2023-06-30,,,,,,,,,
IBEX,2024-12-31,272498000.0,163561000.0,108937000.0,140682000.0,41920000.0,11928000.0,9268000.0,0.0658790747927951,0.57
IBEX,2024-09-30,306275000.0,135184000.0,171091000.0,129717000.0,39676000.0,9092000.0,7531000.0,0.05805715519168652,0.43
IBEX,2024-06-30,293904000.0,128105000.0,165799000.0,124531000.0,39158000.0,12869000.0,9845000.0,0.07905662043989047,
IBEX,2024-03-31,289585000.0,130274000.0,159311000.0,126795000.0,39712000.0,11282000.0,10310000.0,0.08131235458811467,0.57
IBEX,2023-12-31,298174000.0,142061000.0,156113000.0,132634000.0,36750000.0,6947000.0,6075000.0,0.04580273534689446,0.33
IBEX,2023-09-30,,,,,,,,,0.39
IBM,2024-12-31,137175000000.0,109782000000.0,27393000000.0,17553000000.0,10439000000.0,3901000000.0,2914000000.0,0.16601150800432973,
IBM,2024-09-30,134339000000.0,109809000000.0,24530000000.0,14967000000.0,8420000000.0,2177000000.0,-330000000.0,-0.0220485067147725,-0.36
IBM,2024-06-30,133848000000.0,109745000000.0,24103000000.0,15769000000.0,8950000000.0,2434000000.0,1834000000.0,0.11630414103621028,1.96
IBM,2024-03-31,137169000000.0,113836000000.0,23333000000.0,14461000000.0,7742000000.0,1563000000.0,1605000000.0,0.11098817509162576,1.72
IBM,2023-12-31,135241000000.0,112628000000.0,22613000000.0,17380000000.0,10267000000.0,3995000000.0,3288000000.0,0.18918296892980438,3.55
IBM,2023-09-30,,,,,,,,,1.84
IBM,2023-06-30,,,,,,,,,
ICE,2024-12-31,139428000000.0,111708000000.0,27720000000.0,3030000000.0,1619000000.0,1093000000.0,698000000.0,0.23036303630363036,
ICE,2024-09-30,135201000000.0,107928000000.0,27273000000.0,3033000000.0,1650000000.0,1140000000.0,657000000.0,0.2166172106824926,1.14
ICE,2024-06-30,137682000000.0,110938000000.0,26744000000.0,2897000000.0,1630000000.0,1081000000.0,632000000.0,0.2181567138419054,1.1
ICE,2024-03-31,131397000000.0,105108000000.0,26289000000.0,2801000000.0,1623000000.0,1099000000.0,767000000.0,0.2738307747233131,1.33
ICE,2023-12-31,136084000000.0,110298000000.0,25786000000.0,2666000000.0,1504000000.0,993000000.0,373000000.0,0.1399099774943736,
IDA,2024-12-31,9239363000.0,5901408000.0,3337955000.0,398131000.0,43131000.0,41264000.0,37876000.0,0.0951345160261321,
IDA,2024-09-30,9105118000.0,5827545000.0,3277573000.0,528527000.0,134407000.0,133709000.0,113605000.0,0.21494644549852704,2.12
IDA,2024-06-30,8677133000.0,5473226000.0,3203907000.0,451039000.0,104021000.0,103269000.0,89520000.0,0.19847507643463203,1.71
IDA,2024-03-31,8347411000.0,5424997000.0,2922414000.0,448936000.0,50292000.0,49596000.0,48173000.0,0.10730482741415258,0.95
IDA,2023-12-31,8475918000.0,5561175000.0,2914743000.0,411953000.0,37703000.0,36792000.0,31259000.0,0.07588001543865441,
IDCC,2024-12-31,1835529000.0,978314000.0,857215000.0,252802000.0,232775000.0,162526000.0,133108000.0,0.52653064453604,4.09
IDCC,2024-09-30,1725350000.0,1002813000.0,722537000.0,128679000.0,101212000.0,39342000.0,34190000.0,0.2656999199558592,1.14
IDCC,2024-06-30,1636295000.0,939518000.0,696777000.0,223493000.0,198337000.0,133906000.0,109664000.0,0.4906820347840872,3.93
IDCC,2024-03-31,1807021000.0,1182730000.0,624291000.0,263542000.0,166953000.0,103738000.0,81652000.0,0.30982537887699113,2.88
IDCC,2023-12-31,1770814000.0,1189265000.0,581549000.0,105518000.0,85655000.0,25325000.0,39086000.0,0.3704202126651377,1.41
IDCC,2023-09-30,,,,,,,,,
IDCC,2023-06-30,,,,,,,,,
IFS,2024-09-30,95557156000.0,85040964000.0,10516192000.0,1738672000.0,,,387863000.0,0.22308002889561687,
IFS,2024-06-30,93986391000.0,83780913000.0,10205478000.0,1566758000.0,,,284508000.0,0.18159026473775783,
IFS,2024-03-31,92465960000.0,82160384000.0,10305576000.0,1432394000.0,,,140159000.0,0.09784947437646346,1.224
IFS,2023-12-31,89624779000.0,79616678000.0,10008101000.0,599829000.0,,,284899000.0,0.47496703227086384,
IFS,2023-09-30,89359042000.0,79725735000.0,9633307000.0,2439087000.0,,,193771000.0,0.07944407067070589,
IFS,2023-06-30,,,,,,,,,
IMAX,2024-12-31,830398000.0,452183000.0,378215000.0,92672000.0,48365000.0,14547000.0,5306000.0,0.057255697513812154,0.1
IMAX,2024-09-30,847560000.0,479775000.0,367785000.0,91452000.0,51019000.0,18165000.0,13896000.0,0.15194856318068495,0.26
IMAX,2024-06-30,827399000.0,484437000.0,342962000.0,88961000.0,43927000.0,2765000.0,3583000.0,0.04027607603331797,0.07
IMAX,2024-03-31,824140000.0,490761000.0,333379000.0,79123000.0,46889000.0,11995000.0,3274000.0,0.041378613045511416,0.06
IMAX,2023-12-31,814669000.0,469080000.0,345589000.0,86018000.0,43688000.0,2708000.0,2540000.0,0.02952870329465926,
IMAX,2023-09-30,,,,,,,,,0.22
IMAX,2023-06-30,,,,,,,,,
INFN,2024-12-31,1533758000.0,1417243000.0,116515000.0,414387000.0,157311000.0,7771000.0,-26343000.0,-0.06357100970831614,-0.11
INFN,2024-09-30,1505757000.0,1371911000.0,133846000.0,354398000.0,141214000.0,-4201000.0,-14313000.0,-0.040386796765218766,-0.06
INFN,2024-06-30,1518835000.0,1387247000.0,131588000.0,342739000.0,135594000.0,-17344000.0,-48287000.0,-0.14088563017339725,-0.21
INFN,2024-03-31,1565163000.0,1403621000.0,161542000.0,306922000.0,110441000.0,-42669000.0,-61395000.0,-0.2000345364620327,-0.27
INFN,2023-12-31,1679238000.0,1462647000.0,216591000.0,453456000.0,174902000.0,15357000.0,12873000.0,0.028388641896898485,0.06
INFN,2023-06-30,,,,,,,,,
ITCI,2024-12-31,1366912000.0,218452000.0,1148460000.0,199223000.0,178818000.0,-29197000.0,-16885000.0,-0.08475427034027196,
ITCI,2024-09-30,1324445000.0,179619000.0,1144826000.0,175159000.0,159855000.0,-38849000.0,-26324000.0,-0.15028631129430975,-0.25
ITCI,2024-06-30,1320504000.0,175892000.0,1144612000.0,161276000.0,149922000.0,-27723000.0,-16220000.0,-0.10057293087626182,-0.16
ITCI,2024-03-31,747036000.0,147538000.0,599498000.0,144843000.0,134943000.0,-20952000.0,-15247000.0,-0.10526570148367542,-0.16
ITCI,2023-12-31,728295000.0,136871000.0,591424000.0,131506000.0,120804000.0,-34097000.0,-28579000.0,-0.2173208826973674,-0.3
ITCI,2023-09-30,,,,,,,,,-0.25
ITRN,2024-09-30,320670000.0,132595000.0,188075000.0,83479000.0,40157000.0,18360000.0,13653000.0,0.16355011440002876,0.69
ITRN,2024-06-30,318754000.0,137093000.0,181661000.0,84869000.0,39804000.0,17745000.0,13127000.0,0.1546736735439324,0.66
ITRN,2024-03-31,321195000.0,138650000.0,182545000.0,85026000.0,39543000.0,17029000.0,13036000.0,0.1533178086702891,0.66
ITRN,2023-12-31,318688000.0,138439000.0,180249000.0,77808000.0,38400000.0,16872000.0,12019000.0,0.15446997738021798,0.6
ITRN,2023-09-30,297129000.0,128355000.0,168774000.0,81053000.0,39410000.0,16893000.0,12514000.0,0.15439280470803055,0.63
ITRN,2023-06-30,,,,,,,,,
JVA,2024-10-31,34010688.0,7833121.0,26177567.0,21212821.0,4931426.0,1693434.0,1262035.0,0.05949397300811618,
JVA,2024-07-31,33052015.0,8380945.0,24671070.0,18813162.0,3926064.0,719863.0,626796.0,0.033316887400427424,0.11
JVA,2024-04-30,34922627.0,10878353.0,24044274.0,18995913.0,3703980.0,-66650.0,-21841.0,-0.0011497736381504801,-0.003826
JVA,2024-01-31,37578501.0,13512386.0,24066115.0,19540402.0,3480299.0,616911.0,351024.0,0.0179640111805274,0.06
JVA,2023-10-31,42191901.0,18476810.0,23715091.0,18762221.0,3358043.0,257030.0,168248.0,0.00896738184674405,
JVA,2023-07-31,,,,,,,,,-0.02
JWN,2024-10-31,9320000000.0,8333000000.0,987000000.0,3464000000.0,1308000000.0,83000000.0,46000000.0,0.013279445727482679,0.27
JWN,2024-07-31,8643000000.0,7695000000.0,948000000.0,3894000000.0,1493000000.0,190000000.0,122000000.0,0.03133025166923472,0.72
JWN,2024-04-30,8476000000.0,7640000000.0,836000000.0,3335000000.0,1132000000.0,-21000000.0,-39000000.0,-0.011694152923538231,-0.24
JWN,2024-01-31,8444000000.0,7596000000.0,848000000.0,4420000000.0,1605000000.0,216000000.0,134000000.0,0.030316742081447964,0.82
JWN,2023-10-31,9013000000.0,8284000000.0,729000000.0,3320000000.0,1240000000.0,77000000.0,67000000.0,0.020180722891566263,0.41
JWN,2023-07-31,,,,,,,,,
K,2024-12-31,15628000000.0,11746000000.0,3882000000.0,3124000000.0,1177000000.0,531000000.0,365000000.0,0.11683738796414853,
K,2024-09-30,15763000000.0,12005000000.0,3758000000.0,3233000000.0,1176000000.0,456000000.0,367000000.0,0.1135168574079802,1.05
K,2024-06-30,15299000000.0,11872000000.0,3427000000.0,3192000000.0,1161000000.0,493000000.0,344000000.0,0.10776942355889724,1.0
K,2024-03-31,15315000000.0,12037000000.0,3278000000.0,3200000000.0,1031000000.0,393000000.0,267000000.0,0.0834375,0.78
K,2023-12-31,15621000000.0,12252000000.0,3369000000.0,1089000000.0,397000000.0,74000000.0,27000000.0,0.024793388429752067,0.08
K,2023-09-30,,,,,,,,,0.78
KAI,2024-12-31,1430345000.0,572217000.0,858128000.0,258030000.0,111860000.0,37595000.0,24032000.0,0.0931364570011239,
KAI,2024-09-30,1489340000.0,626554000.0,862786000.0,271614000.0,121439000.0,48987000.0,31586000.0,0.11629002923266106,2.68
KAI,2024-06-30,1456032000.0,637646000.0,818386000.0,274765000.0,121887000.0,48401000.0,31291000.0,0.11388277255108911,2.66
KAI,2024-03-31,1409426000.0,614658000.0,794768000.0,248975000.0,110962000.0,36927000.0,24689000.0,0.09916256652274325,2.1
KAI,2023-12-31,1175665000.0,399425000.0,776240000.0,238679000.0,101984000.0,38701000.0,27396000.0,0.11478177803660984,2.33
KAR,2024-12-31,4622300000.0,3279600000.0,1342700000.0,492000000.0,124000000.0,-47800000.0,52300000.0,0.10630081300813009,
KAR,2024-09-30,4625800000.0,3298700000.0,1327100000.0,448400000.0,196400000.0,73200000.0,28400000.0,0.06333630686886708,0.12
KAR,2024-06-30,4617800000.0,3289600000.0,1328200000.0,431800000.0,185900000.0,55800000.0,10700000.0,0.02477999073645206,-0.003683
KAR,2024-03-31,4818400000.0,3488200000.0,1330200000.0,416300000.0,202400000.0,69400000.0,18500000.0,0.04443910641364401,0.05
KAR,2023-12-31,4726300000.0,3399300000.0,1327000000.0,391300000.0,186500000.0,57400000.0,14300000.0,0.036544850498338874,0.02
KAR,2023-09-30,,,,,,,,,0.01
KAR,2023-06-30,,,,,,,,,
KGC,2024-09-30,10758400000.0,3965600000.0,6792800000.0,1432000000.0,645600000.0,537500000.0,355300000.0,0.2481145251396648,0.29
KGC,2024-06-30,10639200000.0,4191800000.0,6447400000.0,1219500000.0,387600000.0,288000000.0,210900000.0,0.17293972939729396,0.17
KGC,2024-03-31,10552900000.0,4283500000.0,6269400000.0,1081500000.0,297900000.0,183000000.0,107000000.0,0.09893666204345816,0.09
KGC,2023-12-31,10543300000.0,4357600000.0,6185700000.0,1115700000.0,253100000.0,182900000.0,65400000.0,0.05861790803979564,
KGC,2023-09-30,10593100000.0,4428100000.0,6165000000.0,1102400000.0,317900000.0,220500000.0,109700000.0,0.09951015965166908,0.09
KGC,2023-06-30,,,,,,,,,0.12
KR,2024-10-31,62418000000.0,49524000000.0,12894000000.0,33634000000.0,7686000000.0,828000000.0,618000000.0,0.01837426413747993,0.84
KR,2024-07-31,51443000000.0,38931000000.0,12512000000.0,33912000000.0,7651000000.0,815000000.0,466000000.0,0.013741448454824251,0.64
KR,2024-05-31,51579000000.0,39166000000.0,12413000000.0,45269000000.0,10145000000.0,1294000000.0,947000000.0,0.020919392962071175,1.29
KR,2024-04-30,51579000000.0,39166000000.0,12413000000.0,45269000000.0,10145000000.0,1294000000.0,947000000.0,0.020919392962071175,1.29
KR,2024-01-31,,,,37064000000.0,8421000000.0,1194000000.0,736000000.0,0.019857543708180443,1.01
KR,2023-10-31,,,,,,,,,
KT,2024-09-30,42750388000000.0,23563985000000.0,19186403000000.0,6654615000000.0,4254174000000.0,473341000000.0,357341000000.0,0.05369822296256057,725.5
KT,2024-06-30,43144379000000.0,24162478000000.0,18981901000000.0,6546399000000.0,4340825000000.0,487628000000.0,393025000000.0,0.060036823297816094,798.5
KT,2024-03-31,42710009000000.0,24127840000000.0,18582169000000.0,6654574000000.0,4260533000000.0,505946000000.0,375530000000.0,0.056431861754035646,761.5
KT,2023-12-31,42791647000000.0,24249072000000.0,18542575000000.0,6598562000000.0,4105445000000.0,300566000000.0,37889000000.0,0.005742008637639534,110.383598
KT,2023-09-30,43974772000000.0,25253082000000.0,18721690000000.0,6697442000000.0,4221635000000.0,320631000000.0,264289000000.0,0.03946118533016038,531.0
KT,2023-06-30,,,,,,,,,
LAUR,2024-12-31,1862060000.0,903517000.0,958543000.0,423394000.0,135442000.0,124219000.0,93632000.0,0.22114626092953607,
LAUR,2024-09-30,1927159000.0,1030436000.0,896723000.0,368631000.0,82675000.0,72040000.0,85463000.0,0.23183888495541613,0.56
LAUR,2024-06-30,2061814000.0,1144607000.0,917207000.0,499245000.0,180248000.0,166595000.0,128130000.0,0.2566475377820509,0.83
LAUR,2024-03-31,2176387000.0,1243779000.0,932608000.0,275372000.0,21394000.0,11129000.0,-10751000.0,-0.039041732638031464,-0.07
LAUR,2023-12-31,2125616000.0,1176478000.0,949138000.0,409433000.0,130014000.0,111448000.0,41862000.0,0.10224383476661628,0.26
LAUR,2023-09-30,,,,,,,,,0.23
LAUR,2023-06-30,,,,,,,,,
LFT,2024-09-30,1255998871.0,1012854649.0,243144222.0,8417926.0,,,6280725.0,0.7461131162236398,0.1
LFT,2024-06-30,1296959416.0,1054764390.0,242195026.0,7728456.0,,,4598446.0,0.5950018994738405,0.07
LFT,2024-03-31,1378191925.0,1135256623.0,242935302.0,10462853.0,,,6980182.0,0.6671394503965601,0.11
LFT,2023-12-31,1446932447.0,1206140067.0,240792380.0,8051815.0,,,5013851.0,0.6226982363603734,
LFT,2023-09-30,1443331848.0,1202736501.0,240595347.0,8542638.0,,,6359727.0,0.7444687460711785,0.1
LGND,2024-12-31,941774000.0,111335000.0,830439000.0,42812000.0,39975000.0,1687000.0,-31088000.0,-0.7261515462954312,-1.64
LGND,2024-09-30,954866000.0,113688000.0,841178000.0,51812000.0,49363000.0,10955000.0,-7172000.0,-0.13842353122828688,-0.39
LGND,2024-06-30,866405000.0,91207000.0,775198000.0,41531000.0,38625000.0,7391000.0,-51911000.0,-1.2499337844020129,-2.88
LGND,2024-03-31,913869000.0,107348000.0,806521000.0,30978000.0,28096000.0,2988000.0,86139000.0,2.7806507844276585,4.75
LGND,2023-12-31,787216000.0,86303000.0,700913000.0,28101000.0,26460000.0,-3358000.0,18188000.0,0.6472367531404576,1.03
LGND,2023-09-30,,,,,,,,,
LNC,2024-12-31,390831000000.0,382562000000.0,8269000000.0,5084000000.0,,,1687000000.0,0.3318253343823761,
LNC,2024-09-30,396840000000.0,387827000000.0,9013000000.0,4198000000.0,,,-528000000.0,-0.12577417818008577,-3.29
LNC,2024-06-30,384533000000.0,376584000000.0,7949000000.0,4593000000.0,,,895000000.0,0.19486174613542348,5.11
LNC,2024-03-31,383381000000.0,375835000000.0,7546000000.0,4113000000.0,,,1222000000.0,0.29710673474349625,6.93
LNC,2023-12-31,372413000000.0,365520000000.0,6893000000.0,721000000.0,,,-1235000000.0,-1.712898751733703,-7.35
LNC,2023-09-30,,,,,,,,,4.79
LNC,2023-06-30,,,,,,,,,
LNT,2024-12-31,22714000000.0,15710000000.0,7004000000.0,976000000.0,454000000.0,221000000.0,150000000.0,0.15368852459016394,
LNT,2024-09-30,22829000000.0,15861000000.0,6968000000.0,1081000000.0,537000000.0,313000000.0,295000000.0,0.272895467160037,1.15
LNT,2024-06-30,21836000000.0,15045000000.0,6791000000.0,894000000.0,347000000.0,130000000.0,87000000.0,0.09731543624161074,0.34
LNT,2024-03-31,21248000000.0,14431000000.0,6817000000.0,1031000000.0,442000000.0,222000000.0,158000000.0,0.15324927255092144,0.62
LNT,2023-12-31,21237000000.0,14460000000.0,6777000000.0,961000000.0,384000000.0,183000000.0,121000000.0,0.1259105098855359,0.47
LNT,2023-09-30,,,,,,,,,1.02
LTH,2024-12-31,7152537000.0,4542187000.0,2610350000.0,663283000.0,319406000.0,86975000.0,37163000.0,0.0560288745527927,
LTH,2024-09-30,7179659000.0,4617859000.0,2561800000.0,693234000.0,322100000.0,93695000.0,41355000.0,0.059655181367330515,0.19
LTH,2024-06-30,7124253000.0,4756756000.0,2367497000.0,667761000.0,312251000.0,104756000.0,52805000.0,0.07907769396535587,0.26
LTH,2024-03-31,7093637000.0,4790778000.0,2302859000.0,596717000.0,274817000.0,72057000.0,24917000.0,0.041756812693454354,0.12
LTH,2023-12-31,7032141000.0,4778029000.0,2254112000.0,558834000.0,270577000.0,58669000.0,23684000.0,0.042381100648851,
LTH,2023-09-30,,,,,,,,,0.04
LYG,2024-12-31,906697000000.0,860809000000.0,45888000000.0,5126000000.0,,,644000000.0,0.12563402262973078,
LYG,2024-09-30,900842000000.0,854421000000.0,46421000000.0,4283000000.0,,,1363000000.0,0.3182348820919916,
LYG,2024-06-30,892927000000.0,847810000000.0,45117000000.0,4807000000.0,,,1210000000.0,0.2517162471395881,
LYG,2024-03-31,889633000000.0,841842000000.0,47791000000.0,4387000000.0,,,1204000000.0,0.27444723045361297,0.068
LYG,2023-12-31,881453000000.0,834088000000.0,47365000000.0,5313000000.0,,,1227000000.0,0.23094297007340486,
LYG,2023-09-30,,,,,,,,,
LYG,2023-06-30,,,,,,,,,
MA,2024-12-31,48081000000.0,41566000000.0,6515000000.0,7489000000.0,5836000000.0,4234000000.0,3342000000.0,0.44625450660969423,
MA,2024-09-30,47237000000.0,39739000000.0,7498000000.0,7369000000.0,5470000000.0,4196000000.0,3263000000.0,0.44280092278463834,3.53
MA,2024-06-30,42333000000.0,34851000000.0,7482000000.0,6961000000.0,5354000000.0,4139000000.0,3258000000.0,0.46803620169515875,3.5
MA,2024-03-31,42602000000.0,35294000000.0,7308000000.0,6348000000.0,4834000000.0,3758000000.0,3011000000.0,0.47432262129804664,3.22
MA,2023-12-31,42448000000.0,35451000000.0,6997000000.0,6548000000.0,5020000000.0,3698000000.0,2791000000.0,0.42623701893708005,2.97
MA,2023-09-30,,,,,,,,,3.39
MAA,2024-12-31,11812369000.0,5664705000.0,6147664000.0,549832000.0,176468000.0,162396000.0,166646000.0,0.3030853060571229,
MAA,2024-09-30,11756252000.0,5602140000.0,6154112000.0,551126000.0,175578000.0,162850000.0,115195000.0,0.2090175386390771,0.98
MAA,2024-06-30,11562867000.0,5356848000.0,6206019000.0,546435000.0,178416000.0,165745000.0,101953000.0,0.18657845855408237,0.86
MAA,2024-03-31,11470732000.0,5194253000.0,6276479000.0,543622000.0,182805000.0,165760000.0,143749000.0,0.2644282240233103,1.22
MAA,2023-12-31,11484503000.0,5185381000.0,6299122000.0,542247000.0,192110000.0,176861000.0,160476000.0,0.2959463122894179,1.37
MCRI,2024-12-31,691583000.0,173835000.0,517748000.0,134513000.0,72842000.0,3903000.0,4211000.0,0.03130552437310892,
MCRI,2024-09-30,671140000.0,157860000.0,513280000.0,137873000.0,75782000.0,35277000.0,27601000.0,0.20019148056544792,1.47
MCRI,2024-06-30,672376000.0,174009000.0,498367000.0,128143000.0,68348000.0,29513000.0,22682000.0,0.1770053768056,1.19
MCRI,2024-03-31,677265000.0,168352000.0,508913000.0,121657000.0,63844000.0,23810000.0,18275000.0,0.15021741453430545,0.93
MCRI,2023-12-31,680873000.0,167733000.0,513140000.0,128186000.0,69080000.0,25383000.0,18202000.0,0.14199678592045933,0.93
MCRI,2023-09-30,,,,,,,,,1.23
MD,2024-12-31,2152700000.0,1387762000.0,764938000.0,502364000.0,128526000.0,58100000.0,30480000.0,0.06067313740634281,0.354972
MD,2024-09-30,2076873000.0,1344381000.0,732492000.0,511158000.0,116821000.0,52446000.0,19441000.0,0.0380332499931528,0.226411
MD,2024-06-30,1995351000.0,1288890000.0,706461000.0,504296000.0,114119000.0,48763000.0,-153025000.0,-0.3034428192966036,-1.84
MD,2024-03-31,2168165000.0,1311969000.0,856196000.0,495101000.0,94878000.0,24372000.0,4035000.0,0.008149852252368708,0.048031
MD,2023-12-31,2219810000.0,1370749000.0,849061000.0,496443000.0,101167000.0,39041000.0,-124287000.0,-0.25035502565249185,-1.5
MFG,2024-12-31,285391446000000.0,274808339000000.0,10583107000000.0,964935000000.0,,,289233000000.0,0.2997435060392669,
MFG,2024-09-30,277354891000000.0,266593572000000.0,10761319000000.0,944501000000.0,,,276841000000.0,0.2931082126964397,
MFG,2024-06-30,292302385000000.0,281900072000000.0,10402313000000.0,925085000000.0,,,289300000000.0,0.31272801958738927,22.828
MFG,2024-03-31,278672151000000.0,268360016000000.0,10312135000000.0,769443000000.0,,,36673000000.0,0.04766175012314103,
MFG,2023-12-31,271148694000000.0,261207078000000.0,9941616000000.0,765808000000.0,,,226567000000.0,0.29585352986649394,
MITT,2024-12-31,6913609000.0,6370186000.0,543423000.0,18994000.0,,,14282000.0,0.751921659471412,
MITT,2024-09-30,6960075000.0,6419990000.0,540085000.0,23007000.0,,,16640000.0,0.7232581388273134,0.4
MITT,2024-06-30,7100101000.0,6566599000.0,533502000.0,8333000.0,,,3925000.0,0.47101884075363015,-0.02
MITT,2024-03-31,6400668000.0,5861103000.0,539565000.0,24988000.0,,,20890000.0,0.836001280614695,0.55
MITT,2023-12-31,6126428000.0,5598060000.0,528368000.0,12619000.0,,,35353000.0,2.8015690625247642,1.35
MITT,2023-09-30,,,,,,,,,-0.33
MLI,2024-12-31,3290906000.0,486498000.0,2804408000.0,923536000.0,255370000.0,166213000.0,137652000.0,0.14904887302714784,1.21
MLI,2024-09-30,3206132000.0,497496000.0,2708636000.0,997831000.0,275362000.0,204033000.0,168699000.0,0.16906570351091518,1.48
MLI,2024-06-30,3066185000.0,493327000.0,2572858000.0,997745000.0,272755000.0,210006000.0,160165000.0,0.16052698835874898,1.41
MLI,2024-03-31,2894242000.0,445872000.0,2448370000.0,849654000.0,240951000.0,183425000.0,138363000.0,0.1628462880184169,1.21
MLI,2023-12-31,2759301000.0,400585000.0,2358716000.0,732377000.0,195994000.0,134735000.0,119238000.0,0.16280959123511524,1.05
MLI,2023-09-30,,,,,,,,,
MLI,2023-06-30,,,,,,,,,
MMM,2024-12-31,39868000000.0,35974000000.0,3894000000.0,6010000000.0,2266000000.0,1085000000.0,728000000.0,0.1211314475873544,
MMM,2024-09-30,40875000000.0,36181000000.0,4694000000.0,6294000000.0,2647000000.0,1316000000.0,1372000000.0,0.21798538290435335,2.48
MMM,2024-06-30,43377000000.0,39389000000.0,3988000000.0,6255000000.0,2684000000.0,1272000000.0,1145000000.0,0.18305355715427657,2.07
MMM,2024-03-31,55243000000.0,50310000000.0,4933000000.0,8003000000.0,3674000000.0,1501000000.0,928000000.0,0.11595651630638511,1.67
MMM,2023-12-31,50580000000.0,45712000000.0,4868000000.0,8013000000.0,3335000000.0,1243000000.0,945000000.0,0.11793335829277424,1.7
MO,2024-12-31,35177000000.0,37365000000.0,-2188000000.0,5106000000.0,3604000000.0,2843000000.0,3039000000.0,0.5951821386603995,
MO,2024-09-30,34167000000.0,37585000000.0,-3418000000.0,5344000000.0,3808000000.0,3177000000.0,2293000000.0,0.42907934131736525,1.34
MO,2024-06-30,34387000000.0,37353000000.0,-2966000000.0,5277000000.0,3675000000.0,2912000000.0,3803000000.0,0.7206746257343187,2.21
MO,2024-03-31,36475000000.0,41539000000.0,-5064000000.0,4717000000.0,3280000000.0,2674000000.0,2129000000.0,0.4513461946152215,1.21
MO,2023-12-31,38570000000.0,42060000000.0,-3490000000.0,5024000000.0,3499000000.0,2701000000.0,2060000000.0,0.41003184713375795,
MO,2023-09-30,,,,,,,,,1.22
MO,2023-06-30,,,,,,,,,1.19
MOMO,2024-09-30,18152629000.0,6847262000.0,11305367000.0,2674664000.0,1050941000.0,410725000.0,449369000.0,0.16800951446611612,2.46
MOMO,2024-06-30,17474494000.0,6109430000.0,11365064000.0,2691391000.0,1095602000.0,425044000.0,397785000.0,0.1477990377466522,2.1
MOMO,2024-03-31,17908940000.0,6630692000.0,11278248000.0,2560420000.0,1057412000.0,460315000.0,5184000.0,0.0020246678279344796,0.02
MOMO,2023-12-31,16228009000.0,4241219000.0,11986790000.0,3002932000.0,1232815000.0,601997000.0,452469000.0,0.15067573957718655,2.32
MOMO,2023-09-30,16171417000.0,4452249000.0,11719168000.0,3042847000.0,1271317000.0,621757000.0,546428000.0,0.1795778755882238,2.74
MOMO,2023-06-30,,,,,,,,,
MPLX,2024-12-31,37511000000.0,23501000000.0,14010000000.0,2840000000.0,1256000000.0,1172000000.0,1099000000.0,0.3869718309859155,
MPLX,2024-09-30,38515000000.0,24533000000.0,13982000000.0,2776000000.0,1218000000.0,1126000000.0,1037000000.0,0.37355907780979825,1.01
MPLX,2024-06-30,38402000000.0,24516000000.0,13886000000.0,2684000000.0,1191000000.0,1094000000.0,1176000000.0,0.43815201192250375,1.15
MPLX,2024-03-31,36461000000.0,22814000000.0,13647000000.0,2604000000.0,1152000000.0,1094000000.0,1005000000.0,0.3859447004608295,0.98
MPLX,2023-12-31,36529000000.0,22945000000.0,13584000000.0,2675000000.0,1212000000.0,1213000000.0,1134000000.0,0.4239252336448598,1.1
MTTR,2024-12-31,543668000.0,146525000.0,397143000.0,43818000.0,22241000.0,-43936000.0,-40506000.0,-0.9244146241270711,-0.12
MTTR,2024-09-30,552923000.0,146159000.0,406764000.0,43793000.0,21700000.0,-44025000.0,-38401000.0,-0.8768752997054323,-0.12
MTTR,2024-06-30,562391000.0,149432000.0,412959000.0,42216000.0,19380000.0,-50109000.0,-141586000.0,-3.353846882698503,-0.45
MTTR,2024-03-31,572807000.0,49800000.0,523007000.0,39872000.0,19592000.0,-40784000.0,-36128000.0,-0.906099518459069,-0.12
MTTR,2023-12-31,577155000.0,47871000.0,529284000.0,39545000.0,18218000.0,-49140000.0,-43945000.0,-1.1112656467315716,-0.14
MTTR,2023-09-30,,,,,,,,,
MTTR,2023-06-30,,,,,,,,,
MUFG,2024-12-31,413193210000000.0,391570749000000.0,21622461000000.0,1682834000000.0,,,490744000000.0,0.29161759270373666,
MUFG,2024-09-30,399058344000000.0,377379760000000.0,21678584000000.0,1801938000000.0,,,702301000000.0,0.3897475939793711,
MUFG,2024-06-30,407262698000000.0,385892113000000.0,21370585000000.0,1742674000000.0,,,555894000000.0,0.31898909377198487,47.4
MUFG,2024-03-31,403703147000000.0,382956171000000.0,20746976000000.0,1549245000000.0,,,192865000000.0,0.1244896707751195,
MUFG,2023-12-31,397056956000000.0,377062028000000.0,19994928000000.0,1452950000000.0,,,370635000000.0,0.25509136584190784,
MWA,2024-12-31,1619200000.0,785100000.0,834100000.0,304300000.0,103000000.0,49100000.0,35300000.0,0.11600394347683207,0.22
MWA,2024-09-30,1635900000.0,825800000.0,810100000.0,348200000.0,110900000.0,50800000.0,10000000.0,0.02871912693854107,0.06
MWA,2024-06-30,1568600000.0,777000000.0,791600000.0,356700000.0,131400000.0,68900000.0,47300000.0,0.13260442949257079,0.3
MWA,2024-03-31,1539400000.0,784900000.0,754500000.0,353400000.0,130400000.0,65700000.0,44300000.0,0.12535370684776456,0.28
MWA,2023-12-31,1528800000.0,797600000.0,731200000.0,256400000.0,86300000.0,29400000.0,14300000.0,0.055772230889235566,0.09
MWA,2023-09-30,,,,,,,,,
MWA,2023-06-30,,,,,,,,,
MYTE,2024-12-31,715840000.0,301105000.0,414735000.0,222985000.0,113585000.0,-2844000.0,-4689000.0,-0.021028320290602507,-0.05
MYTE,2024-09-30,676234000.0,258902000.0,417332000.0,201701000.0,88633000.0,-28860000.0,-23522000.0,-0.1166181625277019,-0.27
MYTE,2024-06-30,696511000.0,260868000.0,435643000.0,222149000.0,104793000.0,-3091000.0,-4643000.0,-0.020900386677410208,-0.04
MYTE,2024-03-31,680932000.0,239809000.0,441123000.0,233896000.0,101605000.0,-1790000.0,-2992000.0,-0.012792010124157746,-0.03
MYTE,2023-12-31,720068000.0,278751000.0,441317000.0,196630000.0,97935000.0,-3890000.0,-5813000.0,-0.02956313889030158,-0.07
MYTE,2023-09-30,,,,,,,,,
MYTE,2023-06-30,,,,,,,,,
NFG,2024-12-31,8301448000.0,5548635000.0,2752813000.0,549482000.0,250049000.0,227993000.0,44986000.0,0.08186983377071497,0.49
NFG,2024-09-30,8319770000.0,5471427000.0,2848343000.0,372068000.0,144079000.0,121863000.0,-167621000.0,-0.45051173441413933,-1.84
NFG,2024-06-30,8481037000.0,5367512000.0,3113525000.0,417442000.0,170457000.0,149256000.0,-54158000.0,-0.12973778393165997,-0.59
NFG,2024-03-31,8677025000.0,5373552000.0,3303473000.0,629939000.0,273642000.0,250623000.0,166272000.0,0.26394936652596523,1.8
NFG,2023-12-31,8587492000.0,5413490000.0,3174002000.0,525361000.0,229526000.0,207110000.0,133020000.0,0.2531973252677683,1.44
NFG,2023-09-30,,,,,,,,,
NFG,2023-06-30,,,,,,,,,
NGD,2024-12-31,2003800000.0,951500000.0,1052300000.0,262200000.0,93100000.0,77200000.0,55100000.0,0.21014492753623187,
NGD,2024-09-30,1983000000.0,985800000.0,997200000.0,252000000.0,86100000.0,66000000.0,37900000.0,0.1503968253968254,0.05
NGD,2024-06-30,2009000000.0,1056200000.0,952800000.0,218200000.0,38900000.0,24000000.0,53100000.0,0.24335472043996334,0.07
NGD,2024-03-31,2258100000.0,1521700000.0,736400000.0,192100000.0,22600000.0,15100000.0,-43500000.0,-0.22644456012493494,-0.06
NGD,2023-12-31,2286000000.0,1496800000.0,789200000.0,199200000.0,12400000.0,500000.0,-27400000.0,-0.13755020080321284,
NGD,2023-09-30,,,,,,,,,-0.003944
NGD,2023-06-30,,,,,,,,,-0.003806
NI,2024-12-31,31788100000.0,21119800000.0,10668300000.0,1587800000.0,789500000.0,418500000.0,223900000.0,0.14101272200529033,
NI,2024-09-30,30828100000.0,20499300000.0,10328800000.0,1076300000.0,553000000.0,211900000.0,85700000.0,0.07962463997026852,0.19
NI,2024-06-30,29897600000.0,20078000000.0,9819600000.0,1084700000.0,562300000.0,239400000.0,85800000.0,0.07910021204019545,0.19
NI,2024-03-31,29338100000.0,19543200000.0,9794900000.0,1706300000.0,902900000.0,581200000.0,365000000.0,0.21391314540233253,0.77
NI,2023-12-31,31077200000.0,20940900000.0,10136300000.0,1422000000.0,694000000.0,360200000.0,237400000.0,0.1669479606188467,
NI,2023-09-30,,,,,,,,,0.17
NI,2023-06-30,,,,,,,,,0.09
NLOP,2024-12-31,805069000.0,219666000.0,585403000.0,27730000.0,16676000.0,3549000.0,-35785000.0,-1.2904796249549224,-2.42
NLOP,2024-09-30,919915000.0,293812000.0,626103000.0,31481000.0,22031000.0,6368000.0,-40295000.0,-1.279978399669642,-2.73
NLOP,2024-06-30,1044647000.0,380007000.0,664640000.0,39029000.0,29188000.0,10587000.0,12451000.0,0.3190191908580799,0.84
NLOP,2024-03-31,1231799000.0,580192000.0,651607000.0,44007000.0,35556000.0,13865000.0,-27842000.0,-0.6326720748971755,-1.88
NLOP,2023-12-31,1305089000.0,623659000.0,681430000.0,46394000.0,35860000.0,4948000.0,-142078000.0,-3.0624218648963226,
NLOP,2023-09-30,,,,,,,,,0.193806
NLY,2024-12-31,103556384000.0,90859432000.0,12696952000.0,527457000.0,,,482052000.0,0.9139171534362043,
NLY,2024-09-30,101515995000.0,88976046000.0,12539949000.0,120137000.0,,,66445000.0,0.553076903868084,0.05
NLY,2024-06-30,93668577000.0,82405673000.0,11262904000.0,47989000.0,,,-9483000.0,-0.19760778511742275,-0.09
NLY,2024-03-31,91483546000.0,79987433000.0,11496113000.0,479434000.0,,,462892000.0,0.9654968149943475,0.85
NLY,2023-12-31,93227236000.0,81882145000.0,11345091000.0,-350599000.0,,,-403743000.0,1.151580580663379,-0.88
NLY,2023-09-30,,,,,,,,,-1.21
NOK,2024-06-30,38859000000.0,17841000000.0,21018000000.0,4466000000.0,1936000000.0,432000000.0,-146000000.0,-0.032691446484549934,-0.03
NOK,2024-03-31,39675000000.0,18441000000.0,21234000000.0,4667000000.0,2235000000.0,399000000.0,434000000.0,0.09299335761731305,0.08
NOK,2023-12-31,39860000000.0,19232000000.0,20628000000.0,5707000000.0,2386000000.0,355000000.0,-43000000.0,-0.007534606623444892,-0.01
NOK,2023-09-30,40544000000.0,19193000000.0,21351000000.0,4709000000.0,1926000000.0,237000000.0,133000000.0,0.028243788490125293,0.02
NOK,2023-06-30,40747000000.0,19471000000.0,21276000000.0,,2148000000.0,,,,
NWG,2024-12-31,707985000000.0,668607000000.0,39378000000.0,3775000000.0,,,1329000000.0,0.35205298013245034,
NWG,2024-09-30,711897000000.0,673358000000.0,38539000000.0,3744000000.0,,,1245000000.0,0.33253205128205127,0.28
NWG,2024-06-30,690338000000.0,652775000000.0,37563000000.0,3650000000.0,,,1250000000.0,0.3424657534246575,
NWG,2024-03-31,697452000000.0,659564000000.0,37888000000.0,3475000000.0,,,978000000.0,0.2814388489208633,0.208
NWG,2023-12-31,692673000000.0,655485000000.0,37188000000.0,3564000000.0,,,1289000000.0,0.361672278338945,0.278
OGE,2024-12-31,13716000000.0,9075100000.0,4640900000.0,760500000.0,339900000.0,182000000.0,101900000.0,0.13399079552925708,
OGE,2024-09-30,13475800000.0,8858700000.0,4617100000.0,965400000.0,483900000.0,313200000.0,218700000.0,0.22653822249844624,1.09
OGE,2024-06-30,13211800000.0,8734100000.0,4477700000.0,662600000.0,338300000.0,175900000.0,102300000.0,0.15439178991850286,0.51
OGE,2024-03-31,12918000000.0,8472700000.0,4445300000.0,596800000.0,232200000.0,74000000.0,18600000.0,0.03116621983914209,0.09
OGE,2023-12-31,12790700000.0,8279100000.0,4511600000.0,566700000.0,250000000.0,103300000.0,48200000.0,0.08505382036350803,
OGE,2023-09-30,,,,,,,,,1.2
OGE,2023-06-30,,,,,,,,,0.44
OGS,2024-12-31,8425571000.0,5321023000.0,3104548000.0,630703000.0,222110000.0,124310000.0,77022000.0,0.12212087147199237,
OGS,2024-09-30,8039425000.0,5226803000.0,2812622000.0,340398000.0,150023000.0,59449000.0,19268000.0,0.056604327875016895,0.34
OGS,2024-06-30,7825071000.0,4998198000.0,2826873000.0,354137000.0,160447000.0,69425000.0,27243000.0,0.07692785560390471,0.48
OGS,2024-03-31,7764037000.0,4934052000.0,2829985000.0,758320000.0,242534000.0,145860000.0,99317000.0,0.1309697752927524,1.75
OGS,2023-12-31,7770994000.0,5005117000.0,2765877000.0,605917000.0,196879000.0,107135000.0,70733000.0,0.1167371108584179,1.27
OGS,2023-09-30,,,,,,,,,0.45
ORI,2024-12-31,27843100000.0,22224200000.0,5618900000.0,2002500000.0,,,105100000.0,0.052484394506866414,
ORI,2024-09-30,28843800000.0,22398500000.0,6445300000.0,2341400000.0,,,338900000.0,0.1447424617750064,1.32
ORI,2024-06-30,27525200000.0,21498600000.0,6026600000.0,1871600000.0,,,91800000.0,0.04904894208164138,0.35
ORI,2024-03-31,27064300000.0,20663400000.0,6400900000.0,2015600000.0,,,316700000.0,0.15712442945028776,1.15
ORI,2023-12-31,26501400000.0,20090700000.0,6410700000.0,1941000000.0,,,190600000.0,0.09819680577022154,0.69
ORI,2023-09-30,,,,,,,,,0.19
ORLA,2024-09-30,618697000.0,137964000.0,480733000.0,99307000.0,64735000.0,46103000.0,21144000.0,0.21291550444580945,0.06
ORLA,2024-06-30,594056000.0,138228000.0,455828000.0,84570000.0,54373000.0,42885000.0,24265000.0,0.2869220763864255,0.07
ORLA,2023-12-31,535778000.0,135237000.0,400541000.0,62946000.0,36607000.0,22038000.0,-58442000.0,-0.9284466050265306,
ORLA,2023-09-30,647734000.0,191024000.0,456710000.0,60294000.0,35202000.0,19931000.0,5370000.0,0.08906358841675789,0.02
ORLA,2023-06-30,630854000.0,181032000.0,449822000.0,59272000.0,37539000.0,26305000.0,12827000.0,0.21640909704413552,0.04
ORLY,2024-12-31,14893741000.0,16264702000.0,-1370961000.0,4095601000.0,2101032000.0,738650000.0,551130000.0,0.13456633104640808,9.5
ORLY,2024-09-30,14577522000.0,16016586000.0,-1439064000.0,4364437000.0,2251225000.0,896728000.0,665464000.0,0.15247419082919514,11.41
ORLY,2024-06-30,14393182000.0,15976574000.0,-1583392000.0,4272201000.0,2168060000.0,863298000.0,622848000.0,0.1457908932655556,10.55
ORLY,2024-03-31,14213054000.0,15604252000.0,-1391198000.0,3976240000.0,2034172000.0,752481000.0,547238000.0,0.13762700440617268,9.2
ORLY,2023-12-31,13872995000.0,15612273000.0,-1739278000.0,3832015000.0,1967429000.0,718736000.0,552504000.0,0.14418106400940497,9.26
PAAS,2024-12-31,7202700000.0,2486100000.0,4716600000.0,815100000.0,184900000.0,107300000.0,107600000.0,0.13200834253465832,
PAAS,2024-09-30,7152000000.0,2507100000.0,4644900000.0,716100000.0,175700000.0,140000000.0,56700000.0,0.07917888563049853,0.16
PAAS,2024-06-30,7043900000.0,2420500000.0,4623400000.0,686300000.0,116900000.0,77200000.0,-21900000.0,-0.03191024333381903,-0.06
PAAS,2024-03-31,7080000000.0,2399000000.0,4681000000.0,601400000.0,71000000.0,25900000.0,-30900000.0,-0.05138011306950449,-0.08
PAAS,2023-12-31,7213100000.0,2440600000.0,4772500000.0,669600000.0,87100000.0,8900000.0,-51500000.0,-0.0769115890083632,
PAAS,2023-09-30,,,,,,,,,-0.05
PAAS,2023-06-30,,,,,,,,,-0.09
PAA,2024-12-31,26562000000.0,13466000000.0,13096000000.0,12402000000.0,341000000.0,247000000.0,36000000.0,0.002902757619738752,-0.04
PAA,2024-09-30,27155000000.0,13623000000.0,13532000000.0,12743000000.0,446000000.0,348000000.0,220000000.0,0.017264380444165423,0.22
PAA,2024-06-30,27453000000.0,13875000000.0,13578000000.0,12933000000.0,468000000.0,375000000.0,250000000.0,0.019330395113276114,0.26
PAA,2024-03-31,27356000000.0,13710000000.0,13646000000.0,11995000000.0,466000000.0,370000000.0,266000000.0,0.022175906627761567,0.29
PAA,2023-12-31,27355000000.0,13623000000.0,13732000000.0,12698000000.0,504000000.0,417000000.0,312000000.0,0.024570798550952906,
PAA,2023-09-30,,,,,,,,,0.2
PAA,2023-06-30,,,,,,,,,
PAGP,2024-12-31,27756000000.0,13440000000.0,14316000000.0,12402000000.0,918000000.0,246000000.0,-11000000.0,-0.0008869537171423964,
PAGP,2024-09-30,28357000000.0,13613000000.0,14744000000.0,12743000000.0,929000000.0,347000000.0,33000000.0,0.0025896570666248137,0.17
PAGP,2024-06-30,28667000000.0,13867000000.0,14800000000.0,12933000000.0,818000000.0,373000000.0,39000000.0,0.003015541637671074,0.2
PAGP,2024-03-31,28590000000.0,13712000000.0,14878000000.0,11995000000.0,824000000.0,369000000.0,42000000.0,0.0035014589412255106,0.21
PAGP,2023-12-31,28597000000.0,13625000000.0,14972000000.0,12698000000.0,866000000.0,415000000.0,52000000.0,0.004095133091825485,
PAGP,2023-09-30,,,,,,,,,0.2
PAHC,2024-12-31,1285509000.0,1038707000.0,246802000.0,309261000.0,101870000.0,25533000.0,3185000.0,0.010298744426228978,0.08
PAHC,2024-09-30,966289000.0,707762000.0,258527000.0,260432000.0,83495000.0,17699000.0,6975000.0,0.026782423050930763,0.17
PAHC,2024-06-30,982184000.0,725543000.0,256641000.0,273164000.0,87150000.0,18416000.0,752000.0,0.0027529249827942187,
PAHC,2024-03-31,979035000.0,708941000.0,270094000.0,263223000.0,79600000.0,19924000.0,8405000.0,0.03193110024579919,0.21
PAHC,2023-12-31,972708000.0,701905000.0,270803000.0,249943000.0,78616000.0,15701000.0,1274000.0,0.005097162152970877,0.03
PAHC,2023-09-30,,,,,,,,,-0.2
PAYX,2024-11-30,10554700000.0,6629000000.0,3925700000.0,1316900000.0,937800000.0,538100000.0,413400000.0,0.3139190523198421,1.14
PAYX,2024-08-31,10489100000.0,6638700000.0,3850400000.0,1318500000.0,938500000.0,546700000.0,427400000.0,0.3241562381494122,1.18
PAYX,2024-05-31,10383100000.0,6582100000.0,3801000000.0,1295100000.0,919900000.0,481800000.0,379900000.0,0.2933364218979229,
PAYX,2024-02-29,13023900000.0,9276800000.0,3747100000.0,1439300000.0,1059500000.0,649800000.0,498600000.0,0.34641839783227957,1.38
PAYX,2023-11-30,12052100000.0,8527700000.0,3524400000.0,1257900000.0,893800000.0,506200000.0,392700000.0,0.3121869782971619,1.08
PAYX,2023-08-31,,,,,,,,,1.16
PBI,2024-12-31,3397516000.0,3975949000.0,-578433000.0,516121000.0,292538000.0,134777000.0,-37373000.0,-0.07241131440108037,
PBI,2024-09-30,3647716000.0,4166595000.0,-518879000.0,499463000.0,277568000.0,79999000.0,-138472000.0,-0.27724175764771364,-0.77
PBI,2024-06-30,4078402000.0,4506291000.0,-427889000.0,793170000.0,266645000.0,37911000.0,-24867000.0,-0.03135141268580506,-0.14
PBI,2024-03-31,4103047000.0,4495402000.0,-392355000.0,830509000.0,283649000.0,58358000.0,-2885000.0,-0.0034737733125107615,-0.02
PBI,2023-12-31,4272185000.0,4640761000.0,-368576000.0,871578000.0,288598000.0,55147000.0,-223836000.0,-0.25681694581552084,-1.27
PGR,2024-12-31,105745000000.0,80154000000.0,25591000000.0,20267400000.0,,,2356500000.0,0.11627046389768791,
PGR,2024-09-30,105202500000.0,78043200000.0,27159300000.0,19711800000.0,,,2333400000.0,0.11837579520896113,3.97
PGR,2024-06-30,97893000000.0,74552600000.0,23340400000.0,18127000000.0,,,1458700000.0,0.0804711204280907,2.48
PGR,2024-03-31,94127900000.0,72316600000.0,21811300000.0,17236800000.0,,,2331400000.0,0.135257124292212,3.94
PGR,2023-12-31,88690800000.0,68413700000.0,20277100000.0,16883800000.0,,,1987800000.0,0.11773415937170542,
PGR,2023-09-30,,,,,,,,,1.89
PGR,2023-06-30,,,,,,,,,0.57
PHYS,2024-09-30,8638742000.0,21228000.0,8617514000.0,974565000.0,,,973504000.0,0.998911309148184,2.39
PHYS,2024-06-30,7283472000.0,0.0,7283472000.0,290932000.0,,,289877000.0,0.9963737230693083,0.73
PHYS,2024-03-31,6895958000.0,1379000.0,6894579000.0,509463000.0,,,508480000.0,0.9980705173879163,1.28
PHYS,2023-12-31,6531851000.0,126000.0,6531725000.0,673967000.0,,,673035000.0,0.998617142975843,
PHYS,2023-09-30,5865673000.0,104000.0,5865569000.0,-228831000.0,,,-229759000.0,1.004055394592516,-0.57
PHYS,2023-06-30,,,,,,,,,-0.42
PLMR,2024-12-31,2262220000.0,1533190000.0,729030000.0,155640000.0,,,34965000.0,0.22465304548959136,
PLMR,2024-09-30,2276011000.0,1572698000.0,703313000.0,148355000.0,,,30497000.0,0.20556772606248525,1.15
PLMR,2024-06-30,2016049000.0,1483443000.0,532606000.0,131314000.0,,,25729000.0,0.1959349345842789,1.0
PLMR,2024-03-31,1884684000.0,1383026000.0,501658000.0,118535000.0,,,26382000.0,0.22256717425233052,1.04
PLMR,2023-12-31,1708022000.0,1236770000.0,471252000.0,105394000.0,,,25896000.0,0.24570658671271609,1.02
PM,2024-12-31,61784000000.0,71654000000.0,-9870000000.0,9706000000.0,6283000000.0,3259000000.0,-579000000.0,-0.05965382237791057,
PM,2024-09-30,66892000000.0,74605000000.0,-7713000000.0,9911000000.0,6545000000.0,3654000000.0,3082000000.0,0.3109676117445263,1.97
PM,2024-06-30,65782000000.0,73724000000.0,-7942000000.0,9468000000.0,6123000000.0,3444000000.0,2406000000.0,0.2541191381495564,1.54
PM,2024-03-31,65315000000.0,73878000000.0,-8563000000.0,8793000000.0,5598000000.0,3045000000.0,2148000000.0,0.2442852268850222,1.38
PM,2023-12-31,65304000000.0,74750000000.0,-9446000000.0,9047000000.0,5585000000.0,3554000000.0,2196000000.0,0.24273239747982756,
PM,2023-09-30,,,,,,,,,1.32
PM,2023-06-30,,,,,,,,,1.01
PPC,2024-12-31,10650576000.0,6397180000.0,4253396000.0,4372064000.0,553262000.0,317969000.0,235854000.0,0.053945687894779215,
PPC,2024-09-30,10700534000.0,6481868000.0,4218666000.0,4584979000.0,683970000.0,539190000.0,349860000.0,0.07630569300317407,1.47
PPC,2024-06-30,10078457000.0,6332976000.0,3745481000.0,4559314000.0,691626000.0,477465000.0,326303000.0,0.07156844209457826,1.37
PPC,2024-03-31,9768340000.0,6273962000.0,3494378000.0,4361934000.0,383909000.0,264833000.0,174421000.0,0.039987079125910666,0.73
PPC,2023-12-31,9810361000.0,6465784000.0,3344577000.0,4528302000.0,321047000.0,189960000.0,134653000.0,0.02973587008993658,0.57
PPL,2024-12-31,41069000000.0,26992000000.0,14077000000.0,2211000000.0,802000000.0,377000000.0,177000000.0,0.08005427408412483,0.24
PPL,2024-09-30,40472000000.0,26380000000.0,14092000000.0,2066000000.0,840000000.0,428000000.0,214000000.0,0.10358180058083252,0.29
PPL,2024-06-30,39839000000.0,25774000000.0,14065000000.0,1881000000.0,802000000.0,390000000.0,190000000.0,0.10101010101010101,0.26
PPL,2024-03-31,39631000000.0,25573000000.0,14058000000.0,2304000000.0,949000000.0,545000000.0,307000000.0,0.1332465277777778,0.42
PPL,2023-12-31,39236000000.0,25303000000.0,13933000000.0,2031000000.0,797000000.0,390000000.0,113000000.0,0.05563761693746923,0.15
PPL,2023-09-30,,,,,,,,,
PRA,2024-12-31,5574273000.0,4372524000.0,1201749000.0,284280000.0,,,16169000.0,0.05687702265372168,
PRA,2024-09-30,5732372000.0,4501146000.0,1231226000.0,280486000.0,,,16441000.0,0.05861611631240062,0.32
PRA,2024-06-30,5614964000.0,4482536000.0,1132428000.0,281703000.0,,,15508000.0,0.05505088692701178,0.3
PRA,2024-03-31,5650036000.0,4536971000.0,1113065000.0,281734000.0,,,4626000.0,0.016419743445945465,0.09
PRA,2023-12-31,5631925000.0,4519945000.0,1111980000.0,295619000.0,,,6377000.0,0.021571685175851348,
PSLV,2024-09-30,5585789000.0,19413000.0,5566376000.0,350922000.0,,,349412000.0,0.9956970494867805,0.7
PSLV,2024-06-30,4993791000.0,189000.0,4993602000.0,702387000.0,,,700862000.0,0.9978288322534443,1.44
PSLV,2024-03-31,4242317000.0,641000.0,4241676000.0,193365000.0,,,191888000.0,0.9923615959454917,0.39
PSLV,2023-12-31,4071726000.0,2156000.0,4069570000.0,273279000.0,,,271531000.0,0.9936036065705744,
PSLV,2023-09-30,3828069000.0,1694000.0,3826375000.0,-107079000.0,,,-108669000.0,1.0148488499145492,-0.22
PSLV,2023-06-30,,,,,,,,,-0.48
PTCT,2024-12-31,1705024000.0,2803095000.0,-1098071000.0,213172000.0,196889000.0,-15871000.0,-65886000.0,-0.3090743624866305,
PTCT,2024-09-30,1842236000.0,2896588000.0,-1054352000.0,196786000.0,185938000.0,-51966000.0,-106654000.0,-0.5419796123707987,-1.39
PTCT,2024-06-30,1916355000.0,2896536000.0,-980181000.0,186704000.0,171177000.0,-33357000.0,-99179000.0,-0.5312098294626789,-1.29
PTCT,2024-03-31,1789629000.0,2683545000.0,-893916000.0,210118000.0,195378000.0,-45553000.0,-91576000.0,-0.4358312947962573,-1.2
PTCT,2023-12-31,1895698000.0,2714253000.0,-818555000.0,307056000.0,277938000.0,3120000.0,-155792000.0,-0.5073732478766089,
PTCT,2023-09-30,,,,,,,,,-1.76
PTCT,2023-06-30,,,,,,,,,-2.66
QFIN,2024-09-30,46988515000.0,24089095000.0,22899420000.0,3583257000.0,,,1802862000.0,0.5031349970152853,12.18
QFIN,2024-06-30,46983049000.0,24350070000.0,22632979000.0,3368178000.0,,,1380528000.0,0.40987382495818214,8.92
QFIN,2024-03-31,47426518000.0,25285306000.0,22141212000.0,3324299000.0,,,1164287000.0,0.35023534284972563,7.3
QFIN,2023-12-31,45818572000.0,23808715000.0,22009857000.0,3891956000.0,,,1111740000.0,0.28565071136467113,6.88
QFIN,2023-09-30,46039070000.0,24909430000.0,21129640000.0,3570279000.0,,,1142047000.0,0.31987612172606117,6.94
RBA,2024-12-31,11807000000.0,6090600000.0,5716400000.0,1141600000.0,516400000.0,212500000.0,118500000.0,0.10380168185003504,
RBA,2024-09-30,11932000000.0,6230300000.0,5701700000.0,981800000.0,448600000.0,158900000.0,76100000.0,0.07751069464249338,0.36
RBA,2024-06-30,12078900000.0,6431000000.0,5647900000.0,1096100000.0,524600000.0,205700000.0,111100000.0,0.10135936502143965,0.54
RBA,2024-03-31,12045200000.0,6486200000.0,5559000000.0,1064700000.0,515100000.0,209300000.0,107400000.0,0.10087348548887011,0.53
RBA,2023-12-31,12037400000.0,6528000000.0,5509400000.0,1040900000.0,493600000.0,190800000.0,84300000.0,0.0809876068786627,0.41
RBA,2023-09-30,,,,,,,,,0.3
REG,2024-12-31,12391961000.0,5491654000.0,6900307000.0,372536000.0,258240000.0,135508000.0,86477000.0,0.23213058603732256,0.459227
REG,2024-09-30,12426579000.0,5482382000.0,6944197000.0,360266000.0,254060000.0,124378000.0,101469000.0,0.28165022511144544,0.54
REG,2024-06-30,12384180000.0,5421010000.0,6963170000.0,357250000.0,252281000.0,124009000.0,102668000.0,0.2873841847445766,0.54
REG,2024-03-31,12650903000.0,5472884000.0,7178019000.0,363852000.0,256271000.0,129911000.0,109774000.0,0.3016995921418599,0.57704
REG,2023-12-31,12426913000.0,5234978000.0,7191935000.0,359604000.0,246635000.0,116427000.0,89774000.0,0.2496468337393355,
REG,2023-09-30,,,,,,,,,0.483761
RGLD,2024-12-31,3392130000.0,260924000.0,3131206000.0,202560000.0,142353000.0,133444000.0,107408000.0,0.5302527646129542,
RGLD,2024-09-30,3301625000.0,250697000.0,3050928000.0,193837000.0,128948000.0,118846000.0,96242000.0,0.4965099542399026,1.46
RGLD,2024-06-30,3269021000.0,287828000.0,2981193000.0,174096000.0,112594000.0,102083000.0,81208000.0,0.4664552890359342,1.23
RGLD,2024-03-31,3313308000.0,389942000.0,2923366000.0,148902000.0,86937000.0,75525000.0,47166000.0,0.3167586734899464,0.72
RGLD,2023-12-31,3361057000.0,460416000.0,2900641000.0,152666000.0,89431000.0,79690000.0,62779000.0,0.41121795291682495,
RGLD,2023-09-30,,,,,,,,,0.75
RGLD,2023-06-30,,,,,,,,,0.97
ROIC,2024-09-30,3016161000.0,1655388000.0,1360773000.0,83484000.0,59237000.0,27202000.0,32128000.0,0.38484020890230464,0.237851
ROIC,2024-06-30,3011530000.0,1667531000.0,1343999000.0,83320000.0,60360000.0,27842000.0,7366000.0,0.08840614498319731,0.06
ROIC,2024-03-31,2966715000.0,1613069000.0,1353646000.0,85330000.0,62687000.0,30584000.0,11018000.0,0.1291222313371616,0.09
ROIC,2023-12-31,2977640000.0,1614433000.0,1363207000.0,84651000.0,61722000.0,30320000.0,8035000.0,0.09491913858076101,0.06
ROIC,2023-09-30,3167187000.0,1807282000.0,1359905000.0,81745000.0,59626000.0,26927000.0,8428000.0,0.10310110710135176,0.062453
ROIC,2023-06-30,,,,,,,,,
ROOT,2024-12-31,1495700000.0,1292000000.0,203700000.0,326700000.0,,,22100000.0,0.06764615855524947,1.3
ROOT,2024-09-30,1561900000.0,1380000000.0,181900000.0,305700000.0,,,22800000.0,0.0745829244357213,1.35
ROOT,2024-06-30,1495800000.0,1344500000.0,151300000.0,289200000.0,,,-7800000.0,-0.026970954356846474,-0.52
ROOT,2024-03-31,1432300000.0,1266600000.0,165700000.0,254900000.0,,,-6200000.0,-0.024323264025107885,-0.42
ROOT,2023-12-31,1347700000.0,1182000000.0,165700000.0,194800000.0,,,-24000000.0,-0.12320328542094455,-1.64
RSG,2024-12-31,32402000000.0,20995000000.0,11407000000.0,4046000000.0,1728700000.0,812600000.0,512000000.0,0.12654473554127532,1.63
RSG,2024-09-30,31814200000.0,20584000000.0,11230200000.0,4076200000.0,1709300000.0,854600000.0,565700000.0,0.13878121780089298,1.8
RSG,2024-06-30,31934100000.0,20927800000.0,11006300000.0,4048000000.0,1665400000.0,818100000.0,511500000.0,0.12635869565217392,1.62
RSG,2024-03-31,31381700000.0,20561100000.0,10820600000.0,3861700000.0,1578500000.0,738700000.0,453800000.0,0.11751301240386358,1.44
RSG,2023-12-31,31410000000.0,20867000000.0,10543000000.0,3831600000.0,1567400000.0,718500000.0,439600000.0,0.11473013884539096,1.39
RSG,2023-09-30,,,,,,,,,
RTX,2024-12-31,162861000000.0,100903000000.0,61958000000.0,21623000000.0,4235000000.0,2111000000.0,1482000000.0,0.06853813069416825,
RTX,2024-09-30,164822000000.0,101963000000.0,62859000000.0,20089000000.0,4034000000.0,2028000000.0,1472000000.0,0.07327393100701876,1.09
RTX,2024-06-30,161169000000.0,100488000000.0,60681000000.0,19721000000.0,3580000000.0,903000000.0,111000000.0,0.005628517823639775,0.08
RTX,2024-03-31,160187000000.0,98050000000.0,62137000000.0,19305000000.0,3561000000.0,2256000000.0,1709000000.0,0.08852628852628852,1.28
RTX,2023-12-31,161869000000.0,100424000000.0,61445000000.0,19927000000.0,4009000000.0,1777000000.0,1426000000.0,0.07156119837406534,1.05
RTX,2023-09-30,,,,,,,,,-0.68
RTX,2023-06-30,,,,,,,,,
SAN,2024-12-31,1837081000000.0,1729754000000.0,107327000000.0,15812000000.0,,,3265000000.0,0.20648874272704276,0.2
SAN,2024-09-30,1802259000000.0,1697196000000.0,105063000000.0,14941000000.0,,,3250000000.0,0.21752225419985274,0.2
SAN,2024-06-30,1786261000000.0,1682613000000.0,103648000000.0,15490000000.0,,,3207000000.0,0.20703679793415106,0.2
SAN,2024-03-31,1800006000000.0,1694981000000.0,105025000000.0,16481000000.0,,,2852000000.0,0.17304775195679875,0.17
SAN,2023-12-31,1797062000000.0,1692821000000.0,104241000000.0,14401000000.0,,,2933000000.0,0.20366641205471842,0.17
SAP,2024-12-31,74122000000.0,28314000000.0,45808000000.0,9377000000.0,6942000000.0,2339000000.0,1601000000.0,0.17073690945931536,1.36
SAP,2024-09-30,69648000000.0,28181000000.0,41467000000.0,8470000000.0,6212000000.0,2163000000.0,1463000000.0,0.17272727272727273,1.24
SAP,2024-06-30,70378000000.0,28437000000.0,41941000000.0,8289000000.0,6017000000.0,1854000000.0,888000000.0,0.10712993123416577,0.75
SAP,2024-03-31,72915000000.0,29579000000.0,43336000000.0,8041000000.0,5762000000.0,1455000000.0,-828000000.0,-0.10297226713095387,-0.71
SAP,2023-12-31,68335000000.0,24929000000.0,43406000000.0,8468000000.0,6204000000.0,1896000000.0,1313000000.0,0.1550543221539915,1.01
SAP,2023-06-30,,,,,,,,,
SATS,2024-12-31,60938687000.0,40693462000.0,20245225000.0,3966938000.0,961370000.0,-62690000.0,335233000.0,0.0845067404632994,
SATS,2024-09-30,57547377000.0,38047083000.0,19500294000.0,3890984000.0,959811000.0,-160767000.0,-141812000.0,-0.03644630766921684,-0.52
SATS,2024-06-30,55255193000.0,35623242000.0,19631951000.0,3952751000.0,1037180000.0,-65369000.0,-205591000.0,-0.05201213028597045,-0.76
SATS,2024-03-31,55556417000.0,35715267000.0,19841150000.0,4014843000.0,1094578000.0,-15244000.0,-107376000.0,-0.026744756893357972,-0.4
SATS,2023-12-31,57108894000.0,36720602000.0,20388292000.0,15709818000.0,4316922000.0,385348000.0,-1745499000.0,-0.11110879833235496,
SATS,2023-09-30,,,,,,,,,-0.51
SATS,2023-06-30,,,,,,,,,0.69
SCWX,2024-10-31,664976000.0,220623000.0,444353000.0,82733000.0,56066000.0,-22158000.0,-27501000.0,-0.33240665756106996,-0.31
SCWX,2024-07-31,665483000.0,205090000.0,460393000.0,82182000.0,54737000.0,-13131000.0,-14729000.0,-0.17922416100849334,-0.17
SCWX,2024-04-30,667875000.0,200649000.0,467226000.0,85652000.0,57776000.0,-9191000.0,-36076000.0,-0.4211927333862607,-0.41
SCWX,2024-01-31,724779000.0,223454000.0,501325000.0,89154000.0,58492000.0,-12286000.0,-8292000.0,-0.09300760481862844,-0.1
SCWX,2023-10-31,719950000.0,222213000.0,497737000.0,89364000.0,54749000.0,-19253000.0,-14421000.0,-0.16137370753323485,-0.17
SCWX,2023-07-31,,,,,,,,,
SE,2024-09-30,21691690000.0,13663111000.0,8028579000.0,4328233000.0,1861061000.0,202415000.0,153324000.0,0.035424155769802596,0.24
SE,2024-06-30,19570020000.0,12603743000.0,6966277000.0,3806868000.0,1584817000.0,82894000.0,81864000.0,0.021504291716970485,
SE,2024-03-31,19095040000.0,12326138000.0,6768902000.0,3734329000.0,1553750000.0,71092000.0,-23663000.0,-0.0063366136192070915,-0.04
SE,2023-12-31,18883232000.0,12185647000.0,6697585000.0,3616628000.0,1524787000.0,-56519000.0,-109740000.0,-0.030343181549222092,-0.19
SE,2023-09-30,18025110000.0,11447066000.0,6578044000.0,3310168000.0,1441292000.0,-127740000.0,-143978000.0,-0.04349567756077637,-0.26
SE,2023-06-30,,,,,,,,,
SILV,2024-09-30,527066000.0,62887000.0,464179000.0,80371000.0,47033000.0,41468000.0,9508000.0,0.11830137736248149,0.06
SILV,2024-06-30,498013000.0,44685000.0,453328000.0,72741000.0,41488000.0,35724000.0,6494000.0,0.0892756492212095,0.04
SILV,2024-03-31,470376000.0,33095000.0,437281000.0,63646000.0,37477000.0,32424000.0,33864000.0,0.5320680011312573,0.23
SILV,2023-12-31,460174000.0,57849000.0,402325000.0,61320000.0,36947000.0,30176000.0,35917000.0,0.585730593607306,
SILV,2023-09-30,400281000.0,37247000.0,363034000.0,63828000.0,37460000.0,34270000.0,29936000.0,0.4690104656263709,0.2
SILV,2023-06-30,,,,,,,,,0.16
SKWD,2024-12-31,3729478000.0,2935479000.0,793999000.0,304474000.0,,,14406000.0,0.047314384807898215,
SKWD,2024-09-30,3598863000.0,2801356000.0,797507000.0,302032000.0,,,36668000.0,0.12140435450548286,0.89
SKWD,2024-06-30,3435494000.0,2711874000.0,723620000.0,277300000.0,,,30970000.0,0.11168409664623152,0.75
SKWD,2024-03-31,3187057000.0,2494785000.0,692272000.0,263870000.0,,,36784000.0,0.13940197824686398,0.9
SKWD,2023-12-31,2953435000.0,2292404000.0,661031000.0,248957000.0,,,29265000.0,0.1175504203537157,0.74
SKWD,2023-09-30,,,,,,,,,0.576232
SKY,2024-12-31,2037469000.0,509170000.0,1528299000.0,644925000.0,181022000.0,72808000.0,61537000.0,0.0954172965848742,1.06
SKY,2024-09-30,2027672000.0,535416000.0,1492256000.0,616877000.0,166333000.0,66678000.0,54734000.0,0.08872757454079176,0.94
SKY,2024-06-30,1987130000.0,536383000.0,1450747000.0,627779000.0,164215000.0,55388000.0,45794000.0,0.07294605267140188,0.79
SKY,2024-03-31,1923341000.0,500971000.0,1422370000.0,536363000.0,98360000.0,7755000.0,2788000.0,0.005197972268780658,0.05
SKY,2023-12-31,1869419000.0,447461000.0,1421958000.0,559455000.0,141272000.0,56181000.0,46970000.0,0.08395670786747816,0.81
SLM,2024-12-31,30072110000.0,27912190000.0,2159920000.0,389973000.0,,,111553000.0,0.28605313701204954,
SLM,2024-09-30,30012767000.0,27879017000.0,2133750000.0,383926000.0,,,-45152000.0,-0.11760599698900309,-0.23
SLM,2024-06-30,28768844000.0,26485606000.0,2283238000.0,513977000.0,,,251993000.0,0.49028069349406683,1.11
SLM,2024-03-31,28277282000.0,26163543000.0,2113739000.0,561174000.0,,,289931000.0,0.5166508070580604,1.27
SLM,2023-12-31,29169468000.0,27288671000.0,1880797000.0,442999000.0,,,168443000.0,0.38023336395793217,0.72
SLM,2023-09-30,,,,,,,,,0.11
SLRC,2024-12-31,2449417000.0,1456491000.0,992926000.0,24535000.0,,,22609000.0,0.9214998981047483,
SLRC,2024-09-30,2442912000.0,1450227000.0,992685000.0,24589000.0,,,22049000.0,0.8967017772174549,0.4
SLRC,2024-06-30,2448278000.0,1455275000.0,993003000.0,25766000.0,,,23228000.0,0.9014980982690367,0.43
SLRC,2024-03-31,2468463000.0,1476320000.0,992143000.0,30096000.0,,,27871000.0,0.9260699096225412,0.51
SLRC,2023-12-31,2523868000.0,1537229000.0,986639000.0,26014000.0,,,23622000.0,0.9080495118013377,
SMAR,2024-10-31,1423291000.0,714146000.0,709145000.0,286871000.0,233135000.0,-3351000.0,1324000.0,0.004615314897636917,0.01
SMAR,2024-07-31,1362841000.0,691950000.0,670891000.0,276412000.0,226561000.0,-8480000.0,7858000.0,0.028428577630493612,0.06
SMAR,2024-04-30,1315731000.0,680923000.0,634808000.0,262984000.0,214662000.0,-11129000.0,-8858000.0,-0.03368265750007605,-0.064456
SMAR,2024-01-31,1337479000.0,731624000.0,605855000.0,256949000.0,210458000.0,-16570000.0,-8976000.0,-0.03493300226893275,-0.07
SMAR,2023-10-31,1203233000.0,646428000.0,556805000.0,245918000.0,198880000.0,-35450000.0,-32428000.0,-0.13186509324246293,-0.24
SMFG,2024-12-31,310852859000000.0,295571087000000.0,15281772000000.0,1192099000000.0,,,410799000000.0,0.34460141313766723,
SMFG,2024-09-30,290022585000000.0,275129845000000.0,14892740000000.0,1438829000000.0,,,353817000000.0,0.24590621957160996,
SMFG,2024-06-30,301990164000000.0,286899952000000.0,15090212000000.0,1184616000000.0,,,371355000000.0,0.313481330659049,56.604
SMFG,2024-03-31,295236701000000.0,280436737000000.0,14799964000000.0,1303328000000.0,,,170109000000.0,0.13051894841513417,
SMFG,2023-12-31,285778057000000.0,271872890000000.0,13905167000000.0,1068253000000.0,,,266372000000.0,0.2493529154610378,
SNA,2024-12-31,7896800000.0,2479800000.0,5417000000.0,1198700000.0,596100000.0,265200000.0,258100000.0,0.2153165929757237,
SNA,2024-09-30,7953300000.0,2455600000.0,5497700000.0,1147000000.0,587800000.0,252400000.0,251100000.0,0.21891891891891893,4.7
SNA,2024-06-30,7759900000.0,2451000000.0,5308900000.0,1179400000.0,597300000.0,280300000.0,271200000.0,0.22994743089706632,5.07
SNA,2024-03-31,7666800000.0,2503500000.0,5163300000.0,1182300000.0,596700000.0,277900000.0,263500000.0,0.22287067580140404,4.91
SNA,2023-12-31,7544900000.0,2451500000.0,5093400000.0,1196600000.0,577600000.0,257900000.0,255300000.0,0.2133545044292161,4.75
SNA,2023-09-30,,,,,,,,,4.51
SNEX,2024-12-31,29585300000.0,27807900000.0,1777400000.0,27935300000.0,600800000.0,439600000.0,85100000.0,0.003046324900752811,2.54
SNEX,2024-09-30,27466300000.0,25757200000.0,1709100000.0,31139000000.0,460500000.0,430100000.0,76700000.0,0.0024631491056231734,2.32
SNEX,2024-06-30,25930800000.0,24323000000.0,1607800000.0,27069700000.0,571500000.0,411900000.0,61900000.0,0.0022866895458760164,1.88
SNEX,2024-03-31,25651000000.0,24108400000.0,1542600000.0,22106100000.0,499400000.0,340400000.0,53100000.0,0.0024020519223200837,1.63
SNEX,2023-12-31,23244800000.0,21762000000.0,1482800000.0,19573000000.0,476900000.0,345900000.0,69100000.0,0.0035303734736626988,2.13
SNEX,2023-09-30,,,,,,,,,
SNEX,2023-06-30,,,,,,,,,
SRAD,2024-09-30,2277280000.0,1361048000.0,916232000.0,255172000.0,162669000.0,38342000.0,37261000.0,0.14602307463201292,0.11
SRAD,2024-06-30,2246800000.0,1368517000.0,878283000.0,278420000.0,218247000.0,26904000.0,-1449000.0,-0.005204367502334602,-0.0013
SRAD,2024-03-31,2235199000.0,1362597000.0,872602000.0,265894000.0,211202000.0,33344000.0,-574000.0,-0.0021587549925910325,-0.000515
SRAD,2023-12-31,2247350000.0,1374513000.0,872837000.0,252586000.0,193591000.0,11925000.0,23409000.0,0.09267734553775744,
SRAD,2023-09-30,1393158000.0,596542000.0,796616000.0,201037000.0,137820000.0,27832000.0,4335000.0,0.021563194834781658,0.01
SRAD,2023-06-30,,,,,,,,,7.8e-05
SR,2024-12-31,11275800000.0,7958500000.0,3317300000.0,669100000.0,269800000.0,148800000.0,81300000.0,0.12150650127036318,1.34
SR,2024-09-30,10860700000.0,7628000000.0,3232700000.0,293800000.0,127000000.0,19800000.0,-25900000.0,-0.08815520762423418,-0.51
SR,2024-06-30,10710900000.0,7377700000.0,3333200000.0,414100000.0,146500000.0,30700000.0,-12600000.0,-0.03042743298720116,-0.28
SR,2024-03-31,10711400000.0,7321100000.0,3390300000.0,1128500000.0,449900000.0,298600000.0,204300000.0,0.18103677447939742,3.58
SR,2023-12-31,10631700000.0,7566100000.0,3065600000.0,756600000.0,258900000.0,139200000.0,85100000.0,0.11247687020882897,1.52
SSNC,2024-12-31,19044700000.0,12435600000.0,6609100000.0,1529700000.0,753900000.0,357900000.0,248200000.0,0.16225403673922992,
SSNC,2024-09-30,18438400000.0,11550300000.0,6888100000.0,1465800000.0,704200000.0,325100000.0,164400000.0,0.11215718379042161,0.65
SSNC,2024-06-30,16905200000.0,10418400000.0,6486800000.0,1451500000.0,698300000.0,327600000.0,190300000.0,0.13110575266965208,0.75
SSNC,2024-03-31,17386800000.0,10894100000.0,6492700000.0,1435000000.0,707200000.0,332900000.0,157600000.0,0.10982578397212543,0.62
SSNC,2023-12-31,18102500000.0,11704800000.0,6397700000.0,1411600000.0,719300000.0,334200000.0,194400000.0,0.1377160668744687,0.77
SSNC,2023-09-30,,,,,,,,,0.61
SWI,2024-12-31,3168288000.0,1767574000.0,1400714000.0,210309000.0,189099000.0,60350000.0,72670000.0,0.34553918282146745,
SWI,2024-09-30,3118424000.0,1754061000.0,1364363000.0,200025000.0,179012000.0,51684000.0,12570000.0,0.06284214473190851,0.07
SWI,2024-06-30,3058687000.0,1753378000.0,1305309000.0,193250000.0,173002000.0,49486000.0,11104000.0,0.05745924967658474,0.06
SWI,2024-03-31,3238664000.0,1953545000.0,1285119000.0,193311000.0,172475000.0,46899000.0,15559000.0,0.08048688382968378,0.09
SWI,2023-12-31,3250915000.0,1808871000.0,1442044000.0,198139000.0,176291000.0,43370000.0,-576000.0,-0.0029070501011915877,-0.003465
SWI,2023-09-30,,,,,,,,,-0.02
SWI,2023-06-30,,,,,,,,,
SWIM,2024-12-31,794207000.0,406985000.0,387222000.0,87273000.0,21445000.0,-13026000.0,-29170000.0,-0.33423853883789945,
SWIM,2024-09-30,853411000.0,436764000.0,416647000.0,150496000.0,48689000.0,13371000.0,5896000.0,0.039177120986604294,0.05
SWIM,2024-06-30,830026000.0,421895000.0,408131000.0,160122000.0,53022000.0,20006000.0,13279000.0,0.08293051548194502,0.11
SWIM,2024-03-31,808612000.0,416844000.0,391768000.0,110629000.0,30589000.0,-2073000.0,-7864000.0,-0.07108443536504895,-0.07
SWIM,2023-12-31,835003000.0,435803000.0,399200000.0,90867000.0,21196000.0,-9020000.0,112000.0,0.0012325706802249442,0.000967
SWIM,2023-09-30,,,,,,,,,0.05
T,2024-12-31,394795000000.0,274570000000.0,120225000000.0,32298000000.0,18103000000.0,5340000000.0,4080000000.0,0.126323611369125,
T,2024-09-30,393719000000.0,275459000000.0,118260000000.0,30213000000.0,18583000000.0,6538000000.0,-174000000.0,-0.005759110316751068,-0.03
T,2024-06-30,398026000000.0,276702000000.0,121324000000.0,29797000000.0,18355000000.0,6240000000.0,3597000000.0,0.12071685068966674,0.49
T,2024-03-31,399428000000.0,278833000000.0,120595000000.0,30028000000.0,18074000000.0,6006000000.0,3445000000.0,0.11472625549487145,0.47
T,2023-12-31,407060000000.0,287645000000.0,119415000000.0,32022000000.0,18111000000.0,5860000000.0,2188000000.0,0.06832802448316783,0.3
T,2023-09-30,,,,,,,,,0.48
T,2023-06-30,,,,,,,,,
TBRG,2024-09-30,401533000.0,228886000.0,172647000.0,83830000.0,41461000.0,1944000.0,-9809000.0,-0.11701061672432303,-0.66
TBRG,2024-06-30,412287000.0,231185000.0,181102000.0,84730000.0,41388000.0,-3019000.0,-5049000.0,-0.05958928360675086,-0.34
TBRG,2024-03-31,416417000.0,231744000.0,184673000.0,83247000.0,41488000.0,-1458000.0,-2516000.0,-0.030223311350559178,-0.17
TBRG,2023-12-31,434422000.0,247804000.0,186618000.0,85868000.0,42173000.0,-3526000.0,-42474000.0,-0.49464294032701356,-2.92
TBRG,2023-09-30,429531000.0,201548000.0,227983000.0,82712000.0,38849000.0,-5213000.0,-3562000.0,-0.04306509333591257,-0.24
TGTX,2024-12-31,577690000.0,355326000.0,222364000.0,108185000.0,92786000.0,29949000.0,23331000.0,0.21565836298932384,
TGTX,2024-09-30,586014000.0,393857000.0,192157000.0,83879000.0,74538000.0,12434000.0,3880000.0,0.04625710845384423,0.02
TGTX,2024-06-30,401207000.0,223639000.0,177568000.0,73466000.0,65162000.0,8816000.0,6879000.0,0.09363515095418289,0.04
TGTX,2024-03-31,373323000.0,213214000.0,160109000.0,63474000.0,58033000.0,-9270000.0,-10707000.0,-0.16868324038188864,-0.07
TGTX,2023-12-31,329587000.0,169085000.0,160502000.0,43971000.0,36117000.0,-12485000.0,-14416000.0,-0.32785244820449844,-0.1
TGTX,2023-09-30,,,,,,,,,0.73
THG,2024-12-31,15274500000.0,12432700000.0,2841800000.0,1578300000.0,,,167900000.0,0.1063802825825255,
THG,2024-09-30,15367000000.0,12489300000.0,2877700000.0,1561300000.0,,,102100000.0,0.06539422276308204,2.8
THG,2024-06-30,14872200000.0,12320000000.0,2552200000.0,1535300000.0,,,40500000.0,0.02637920927506025,1.12
THG,2024-03-31,14594100000.0,12071400000.0,2522700000.0,1541900000.0,,,115500000.0,0.07490758155522408,3.18
THG,2023-12-31,14612600000.0,12147000000.0,2465600000.0,1525300000.0,,,107900000.0,0.0707401822592277,2.98
TIGO,2024-09-30,14067000000.0,10340000000.0,3727000000.0,1431000000.0,1090000000.0,286000000.0,51000000.0,0.03563941299790356,0.3
TIGO,2024-06-30,14190000000.0,10598000000.0,3592000000.0,1458000000.0,1105000000.0,333000000.0,78000000.0,0.053497942386831275,0.45
TIGO,2024-03-31,14353000000.0,10844000000.0,3509000000.0,1487000000.0,1105000000.0,311000000.0,92000000.0,0.06186953597848016,0.53
TIGO,2023-12-31,14516000000.0,11071000000.0,3445000000.0,1475000000.0,1084000000.0,207000000.0,-63000000.0,-0.04271186440677966,
TIGO,2023-09-30,14457000000.0,10863000000.0,3594000000.0,1424000000.0,1061000000.0,199000000.0,0.0,0.0,0.0
TIGO,2023-06-30,,,,,,,,,-0.13
TMQ,2024-11-30,133697000.0,903000.0,132794000.0,0.0,0.0,-1524000.0,-1636000.0,,
TMQ,2024-08-31,134376000.0,553000.0,133823000.0,0.0,-1000.0,-1139000.0,-1591000.0,,-0.01
TMQ,2024-05-31,135338000.0,463000.0,134875000.0,0.0,-2000.0,-1219000.0,-1759000.0,,-0.01
TMQ,2024-02-29,136559000.0,464000.0,136095000.0,0.0,-1000.0,-2818000.0,-3601000.0,,-0.02
TMQ,2023-11-30,138020000.0,465000.0,137555000.0,0.0,-2000.0,-1211000.0,-3024000.0,,
TMQ,2023-08-31,,,,,,,,,-0.03
TMUS,2024-12-31,208035000000.0,146294000000.0,61741000000.0,21872000000.0,13087000000.0,4586000000.0,2981000000.0,0.13629297732260423,
TMUS,2024-09-30,210742000000.0,146492000000.0,64250000000.0,20162000000.0,13133000000.0,4796000000.0,3059000000.0,0.15172105941870845,2.61
TMUS,2024-06-30,208557000000.0,145921000000.0,62636000000.0,19772000000.0,13020000000.0,4630000000.0,2925000000.0,0.14793647582439814,2.49
TMUS,2024-03-31,206268000000.0,144194000000.0,62074000000.0,19594000000.0,12507000000.0,3998000000.0,2374000000.0,0.1211595386342758,2.0
TMUS,2023-12-31,207682000000.0,142967000000.0,64715000000.0,20478000000.0,12078000000.0,3480000000.0,2014000000.0,0.09834944818829963,1.67
TMUS,2023-09-30,,,,,,,,,1.82
TPL,2024-12-31,1248020000.0,115555000.0,1132465000.0,185784000.0,165385000.0,142544000.0,118360000.0,0.6370839254187659,
TPL,2024-09-30,1175569000.0,123437000.0,1052132000.0,173563000.0,155895000.0,127331000.0,106594000.0,0.6141516337007311,4.63
TPL,2024-06-30,1315791000.0,109370000.0,1206421000.0,172334000.0,153417000.0,133222000.0,114589000.0,0.6649239267933199,4.98
TPL,2024-03-31,1259170000.0,136721000.0,1122449000.0,174142000.0,159840000.0,136041000.0,114417000.0,0.657032766363083,4.97
TPL,2023-12-31,1156398000.0,113202000.0,1043196000.0,166657000.0,153711000.0,133863000.0,113110000.0,0.6786993645631446,4.91
TPL,2023-09-30,,,,,,,,,4.58
TPL,2023-06-30,,,,,,,,,
TRIN,2024-12-31,1774241000.0,951259000.0,822982000.0,63054000.0,,,45858000.0,0.7272813778665905,0.74
TRIN,2024-09-30,1734763000.0,977968000.0,756795000.0,39938000.0,,,24400000.0,0.6109469678000902,0.43
TRIN,2024-06-30,1505427000.0,825388000.0,680039000.0,44841000.0,,,30828000.0,0.6874958185589082,0.59
TRIN,2024-03-31,1409692000.0,783376000.0,626316000.0,27660000.0,,,14508000.0,0.5245119305856834,0.3
TRIN,2023-12-31,1310982000.0,699823000.0,611159000.0,30025000.0,,,17704000.0,0.5896419650291423,0.39
TRTX,2024-12-31,3731429000.0,2617388000.0,1114041000.0,34277000.0,,,10682000.0,0.3116375412083905,
TRTX,2024-09-30,3661638000.0,2537039000.0,1124599000.0,39658000.0,,,22194000.0,0.5596348782086843,0.23
TRTX,2024-06-30,3696401000.0,2572229000.0,1124172000.0,38794000.0,,,24715000.0,0.6370830540805279,0.26
TRTX,2024-03-31,3829326000.0,2708434000.0,1120892000.0,38456000.0,,,16744000.0,0.4354066985645933,0.17
TRTX,2023-12-31,4214312000.0,3089527000.0,1124785000.0,37964000.0,,,6381000.0,0.16808028658729324,
TRV,2024-12-31,133189000000.0,105325000000.0,27864000000.0,12013000000.0,,,2082000000.0,0.17331224506784318,
TRV,2024-09-30,134588000000.0,106892000000.0,27696000000.0,11904000000.0,,,1260000000.0,0.10584677419354839,5.42
TRV,2024-06-30,129315000000.0,104453000000.0,24862000000.0,11283000000.0,,,534000000.0,0.04732783834086679,2.29
TRV,2024-03-31,127410000000.0,102388000000.0,25022000000.0,11228000000.0,,,1123000000.0,0.10001781261132882,4.8
TRV,2023-12-31,125978000000.0,101057000000.0,24921000000.0,10936000000.0,,,1626000000.0,0.14868324798829555,6.99
TRV,2023-09-30,,,,,,,,,1.74
TW,2024-12-31,7267993000.0,869108000.0,6398885000.0,463344000.0,311138000.0,197140000.0,142210000.0,0.3069209917469526,
TW,2024-09-30,7336717000.0,1050326000.0,6286391000.0,448915000.0,288754000.0,158446000.0,113916000.0,0.2537585066215208,0.53
TW,2024-06-30,7284541000.0,1077136000.0,6207405000.0,404951000.0,267715000.0,162494000.0,119239000.0,0.2944529091173994,0.55
TW,2024-03-31,7395949000.0,1319922000.0,6076027000.0,408739000.0,265652000.0,167678000.0,126142000.0,0.30861258651608975,0.59
TW,2023-12-31,7059538000.0,1128132000.0,5931406000.0,370000000.0,244128000.0,132113000.0,89314000.0,0.2413891891891892,
TW,2023-09-30,,,,,,,,,0.46
TW,2023-06-30,,,,,,,,,0.42
UGI,2024-12-31,15412000000.0,10824000000.0,4588000000.0,2030000000.0,1107000000.0,487000000.0,375000000.0,0.18472906403940886,1.74
UGI,2024-09-30,15098000000.0,10744000000.0,4354000000.0,1242000000.0,584000000.0,-98000000.0,-273000000.0,-0.21980676328502416,
UGI,2024-06-30,15066000000.0,10376000000.0,4690000000.0,1380000000.0,741000000.0,130000000.0,-48000000.0,-0.034782608695652174,-0.23
UGI,2024-03-31,15624000000.0,10793000000.0,4831000000.0,2467000000.0,1437000000.0,717000000.0,496000000.0,0.20105391163356304,2.3
UGI,2023-12-31,15716000000.0,11284000000.0,4432000000.0,2121000000.0,919000000.0,260000000.0,94000000.0,0.04431871758604432,0.44
UGI,2023-09-30,,,,,,,,,0.61
UGI,2023-06-30,,,,,,,,,
UNM,2024-12-31,61959300000.0,50998200000.0,10961100000.0,3205000000.0,,,348700000.0,0.108798751950078,
UNM,2024-09-30,64140500000.0,53189100000.0,10951400000.0,3202100000.0,,,645700000.0,0.20164891789762968,3.46
UNM,2024-06-30,62044400000.0,51579800000.0,10464600000.0,3205000000.0,,,389500000.0,0.12152886115444618,2.05
UNM,2024-03-31,62487800000.0,52268300000.0,10219500000.0,3180500000.0,,,395200000.0,0.12425719226536708,2.04
UNM,2023-12-31,63255200000.0,53603800000.0,9651400000.0,3123700000.0,,,330600000.0,0.10583602778755963,1.69
USAP,2024-09-30,371508000.0,118255000.0,253253000.0,87250000.0,21992000.0,13025000.0,11052000.0,0.1266704871060172,1.11
USAP,2024-06-30,368036000.0,127551000.0,240485000.0,82759000.0,21013000.0,12849000.0,8865000.0,0.10711825904131272,0.9
USAP,2024-03-31,355946000.0,125216000.0,230730000.0,77637000.0,14667000.0,7258000.0,4137000.0,0.05328644847173384,0.43
USAP,2023-12-31,356690000.0,130648000.0,226042000.0,79780000.0,13108000.0,4804000.0,2597000.0,0.0325520180496365,0.27
USAP,2023-09-30,357016000.0,134021000.0,222995000.0,71283000.0,10859000.0,4410000.0,1930000.0,0.02707517921524066,0.2
USAS,2024-09-30,179366000.0,126311000.0,53055000.0,21018000.0,-3853000.0,-7347000.0,-14056000.0,-0.6687601103815777,-0.05
USAS,2024-06-30,180321000.0,113030000.0,67291000.0,31626000.0,4471000.0,679000.0,-4863000.0,-0.1537658888256498,-0.02
USAS,2024-03-31,179755000.0,113667000.0,66088000.0,19489000.0,-5710000.0,-9974000.0,-14456000.0,-0.7417517574016111,-0.07
USAS,2023-12-31,180488000.0,108288000.0,72200000.0,24990000.0,743000.0,-3434000.0,-9935000.0,-0.3975590236094438,
USAS,2023-09-30,183302000.0,100064000.0,83238000.0,18257000.0,-4795000.0,-8686000.0,-8893000.0,-0.4871008380347264,-0.04
USAS,2023-06-30,,,,,,,,,-0.03
USAU,2024-10-31,18191518.0,6947516.0,11244002.0,0.0,,-2142494.0,-2102527.0,,-0.2
USAU,2024-07-31,20139950.0,6988023.0,13151927.0,0.0,,-2592693.0,-4325305.0,,-0.4
USAU,2024-04-30,22581133.0,5120678.0,17460455.0,0.0,,-1286741.0,-2058716.0,,
USAU,2024-01-31,18861774.0,4187071.0,14674703.0,0.0,,-1275409.0,-1685654.0,,-0.18
USAU,2023-10-31,20249419.0,3964225.0,16285194.0,0.0,,-1765072.0,-258430.0,,-0.03
USAU,2023-07-31,,,,,,,,,-0.31
USM,2024-12-31,10449000000.0,5841000000.0,4608000000.0,971000000.0,513000000.0,-6000000.0,5000000.0,0.005149330587023687,0.05
USM,2024-09-30,10516000000.0,5902000000.0,4614000000.0,922000000.0,539000000.0,48000000.0,-79000000.0,-0.08568329718004339,-0.92
USM,2024-06-30,10639000000.0,5933000000.0,4706000000.0,927000000.0,536000000.0,49000000.0,17000000.0,0.018338727076591153,0.2
USM,2024-03-31,10704000000.0,6015000000.0,4689000000.0,950000000.0,552000000.0,56000000.0,18000000.0,0.018947368421052633,0.2
USM,2023-12-31,10750000000.0,6096000000.0,4654000000.0,1000000000.0,537000000.0,23000000.0,14000000.0,0.014,0.16
USM,2023-09-30,,,,,,,,,
USM,2023-06-30,,,,,,,,,
V,2024-12-31,91888000000.0,53592000000.0,38296000000.0,9510000000.0,7490000000.0,6278000000.0,5119000000.0,0.5382754994742377,2.58
V,2024-09-30,94511000000.0,55374000000.0,39137000000.0,9617000000.0,7800000000.0,6359000000.0,5318000000.0,0.5529790995112821,2.65
V,2024-06-30,91040000000.0,51311000000.0,39729000000.0,8900000000.0,7127000000.0,5951000000.0,4872000000.0,0.5474157303370787,2.4
V,2024-03-31,92399000000.0,51914000000.0,40485000000.0,8775000000.0,6983000000.0,5784000000.0,4663000000.0,0.5313960113960114,2.29
V,2023-12-31,91409000000.0,51676000000.0,39733000000.0,8634000000.0,6974000000.0,5963000000.0,4890000000.0,0.56636553161918,2.39
VEON,2024-06-30,7329000000.0,6204000000.0,1125000000.0,1027000000.0,906000000.0,280000000.0,68000000.0,0.06621226874391431,1.0
VEON,2023-12-31,8218000000.0,7147000000.0,1071000000.0,953000000.0,,220000000.0,-3564000000.0,-3.739769150052466,-50.748347
VEON,2023-06-30,13011000000.0,12023000000.0,988000000.0,916000000.0,806000000.0,231000000.0,250000000.0,0.27292576419213976,3.5
VIOT,2023-12-31,2754388000.0,1410751000.0,1343637000.0,0.0,,,0.0,,-0.42
VRNA,2024-12-31,474242000.0,269683000.0,204559000.0,36655000.0,34616000.0,-17783000.0,-33827000.0,-0.9228481789660347,
VRNA,2024-09-30,381818000.0,251327000.0,130491000.0,5624000.0,5081000.0,-39055000.0,-42962000.0,-7.6390469416785205,-0.56
VRNA,2024-06-30,434123000.0,265849000.0,168274000.0,0.0,,-67576000.0,-70835000.0,,-0.88
VRNA,2024-03-31,289912000.0,64924000.0,224988000.0,0.0,,-26613000.0,-25794000.0,,-0.32
VRNA,2023-12-31,308124000.0,58841000.0,249283000.0,0.0,,-18060000.0,-14132000.0,,
VRNA,2023-09-30,,,,,0.0,,,,-0.16
VRSK,2024-12-31,4264700000.0,4159700000.0,105000000.0,735600000.0,505100000.0,316300000.0,210300000.0,0.2858890701468189,1.49
VRSK,2024-09-30,4563200000.0,4258500000.0,304700000.0,725300000.0,501900000.0,311500000.0,220000000.0,0.3033227629946229,1.54
VRSK,2024-06-30,4767900000.0,4332600000.0,435300000.0,716800000.0,497400000.0,318700000.0,308100000.0,0.42982700892857145,2.15
VRSK,2024-03-31,4498600000.0,4210800000.0,287800000.0,704000000.0,476200000.0,307400000.0,219600000.0,0.3119318181818182,1.52
VRSK,2023-12-31,4366100000.0,4043900000.0,322200000.0,677200000.0,451000000.0,250500000.0,173800000.0,0.2566450088600118,
VRSK,2023-09-30,,,,,,,,,1.29
VRSK,2023-06-30,,,,,,,,,
VSEC,2024-12-31,1734620000.0,746434000.0,988186000.0,299021000.0,32270000.0,27415000.0,13062000.0,0.04368255072386221,
VSEC,2024-09-30,1463999000.0,676203000.0,787796000.0,273613000.0,25651000.0,23046000.0,11650000.0,0.042578386260886725,0.63
VSEC,2024-06-30,1494298000.0,712982000.0,781316000.0,265959000.0,23106000.0,18989000.0,-2777000.0,-0.010441459021879313,-0.16
VSEC,2024-03-31,1336924000.0,724186000.0,612738000.0,241539000.0,27173000.0,24174000.0,-6611000.0,-0.027370321148965593,-0.42
VSEC,2023-12-31,1350338000.0,733613000.0,616725000.0,235325000.0,26817000.0,25319000.0,11605000.0,0.049314777435461594,
VSEC,2023-09-30,,,,,,,,,0.63
VSEC,2023-06-30,,,,,,,,,0.68
VTR,2024-12-31,26186906000.0,15357310000.0,10829596000.0,1287057000.0,546000000.0,195794000.0,56835000.0,0.044158883406096236,
VTR,2024-09-30,25347189000.0,15188823000.0,10158366000.0,1236315000.0,521354000.0,182050000.0,19243000.0,0.015564803468371734,0.05
VTR,2024-06-30,24530229000.0,14551045000.0,9979184000.0,1200980000.0,519179000.0,141646000.0,19387000.0,0.016142650169028626,0.05
VTR,2024-03-31,24672586000.0,14928709000.0,9743877000.0,1199914000.0,510664000.0,161740000.0,-14312000.0,-0.011927521472372186,-0.04
VTR,2023-12-31,24725433000.0,15181028000.0,9544405000.0,1164392000.0,494986000.0,23403000.0,-90819000.0,-0.07799692886931549,-0.23
VTR,2023-09-30,,,,,,,,,-0.18
VZLA,2024-10-31,357136720.0,3985802.0,353150918.0,0.0,-71868.0,-5149020.0,-5381559.0,,-0.02
VZLA,2024-07-31,270839000.0,1450003.0,269388997.0,0.0,-65485.0,-6460482.0,7924127.0,,0.03
VZLA,2024-04-30,272782932.0,3675973.0,269106959.0,0.0,-102103.0,-3518937.0,-3277192.0,,
VZLA,2024-01-31,233270381.0,3983499.0,229286882.0,0.0,-52732.0,-4578161.0,-4074203.0,,-0.02
VZLA,2023-10-31,232995069.0,3460741.0,229534328.0,0.0,-106883.0,-3531580.0,-4194386.0,,-0.02
VZLA,2023-07-31,,,,,,,,,-0.02
WAT,2024-12-31,4553795000.0,2725288000.0,1828507000.0,872714000.0,524198000.0,292263000.0,231398000.0,0.2651475741193564,
WAT,2024-09-30,4511620000.0,2908521000.0,1603099000.0,740305000.0,438650000.0,212458000.0,161503000.0,0.21815738107941998,2.71
WAT,2024-06-30,4449047000.0,3037080000.0,1411967000.0,708529000.0,420285000.0,189112000.0,142737000.0,0.20145540972917128,2.4
WAT,2024-03-31,4508964000.0,3252439000.0,1256525000.0,636839000.0,375053000.0,144088000.0,102196000.0,0.16047384032699002,1.72
WAT,2023-12-31,4626854000.0,3476513000.0,1150341000.0,819474000.0,501114000.0,264223000.0,216205000.0,0.2638338739240049,3.65
WAT,2023-09-30,,,,,,,,,2.27
WEC,2024-12-31,47363200000.0,34561300000.0,12801900000.0,2284200000.0,1018800000.0,603000000.0,453800000.0,0.1986691182908677,
WEC,2024-09-30,45196500000.0,32805300000.0,12391200000.0,1863500000.0,775900000.0,383700000.0,240400000.0,0.1290045613093641,0.76
WEC,2024-06-30,44582200000.0,32187800000.0,12394400000.0,1772000000.0,768900000.0,364800000.0,211600000.0,0.11941309255079006,0.67
WEC,2024-03-31,43927200000.0,31501100000.0,12426100000.0,2680200000.0,1222300000.0,813400000.0,622600000.0,0.23229609730617118,1.97
WEC,2023-12-31,43939700000.0,31868200000.0,12071500000.0,2217500000.0,902500000.0,520300000.0,218800000.0,0.0986696730552424,0.69
WEC,2023-09-30,,,,,,,,,1.0
WELL,2024-12-31,51044308000.0,18471722000.0,32572586000.0,2219235000.0,809935000.0,281067000.0,119971000.0,0.05405961964370605,
WELL,2024-09-30,48953698000.0,17889695000.0,31064003000.0,2011056000.0,798355000.0,312482000.0,449849000.0,0.223687952995839,0.73
WELL,2024-06-30,45533937000.0,15845358000.0,29688579000.0,1792737000.0,681440000.0,238667000.0,254714000.0,0.14208107491506006,0.42
WELL,2024-03-31,44553585000.0,16005677000.0,28547908000.0,1830590000.0,733677000.0,313482000.0,127146000.0,0.06945629551128325,0.22
WELL,2023-12-31,44012166000.0,17640439000.0,26371727000.0,1717949000.0,681871000.0,254297000.0,83911000.0,0.04884370839879414,0.15
WELL,2023-09-30,,,,,,,,,0.24
WELL,2023-06-30,,,,,,,,,
WGS,2024-12-31,419380000.0,174133000.0,245247000.0,95640000.0,66205000.0,8806000.0,5438000.0,0.0568590547887913,
WGS,2024-09-30,408840000.0,204339000.0,204501000.0,76874000.0,47829000.0,-7780000.0,-8312000.0,-0.10812498373962588,-0.31
WGS,2024-06-30,389100000.0,195057000.0,194043000.0,70514000.0,42952000.0,-10579000.0,-29173000.0,-0.4137192614232635,-1.1
WGS,2024-03-31,394528000.0,187311000.0,207217000.0,62422000.0,37411000.0,-13660000.0,-20239000.0,-0.32422863733939955,-0.78
WGS,2023-12-31,418756000.0,190739000.0,228017000.0,57418000.0,30754000.0,-25643000.0,-25773000.0,-0.44886620920268905,
WGS,2023-09-30,,,,,,,,,-1.64
WGS,2023-06-30,,,,,,,,,-1.84
WPM,2024-09-30,7386179000.0,126165000.0,7260014000.0,308253000.0,197413000.0,178297000.0,154635000.0,0.5016496189818104,0.34
WPM,2024-06-30,7247082000.0,87410000.0,7159672000.0,299064000.0,186192000.0,169710000.0,122317000.0,0.4089994114972046,0.269
WPM,2024-03-31,7180455000.0,101260000.0,7079195000.0,296806000.0,171575000.0,159830000.0,164041000.0,0.5526876141317898,0.362
WPM,2023-12-31,7031185000.0,45669000.0,6985516000.0,313472000.0,177188000.0,161418000.0,168435000.0,0.537320717639853,
WPM,2023-09-30,6881515000.0,38254000.0,6843261000.0,223137000.0,126894000.0,113952000.0,116371000.0,0.5215226520030295,0.257
WPM,2023-06-30,,,,,,,,,0.312
WRB,2024-12-31,40567268000.0,32159829000.0,8407439000.0,3721268000.0,,,576101000.0,0.15481309059170154,
WRB,2024-09-30,40359298000.0,31919896000.0,8439402000.0,3375760000.0,,,365634000.0,0.10831160983008271,0.91
WRB,2024-06-30,38909919000.0,31122868000.0,7787051000.0,3324150000.0,,,371909000.0,0.11188093196757065,0.92
WRB,2024-03-31,37851072000.0,30052560000.0,7798512000.0,3269950000.0,,,442471000.0,0.13531430144191808,1.093333
WRB,2023-12-31,37202015000.0,29732778000.0,7469237000.0,3187806000.0,,,397339000.0,0.12464340678196854,0.98
WRB,2023-09-30,,,,,,,,,0.82
WTW,2024-12-31,27681000000.0,19664000000.0,8017000000.0,3035000000.0,1668000000.0,1046000000.0,1246000000.0,0.41054365733113674,
WTW,2024-09-30,27168000000.0,19598000000.0,7570000000.0,2289000000.0,893000000.0,358000000.0,-1675000000.0,-0.7317605941459152,-16.44
WTW,2024-06-30,29622000000.0,20207000000.0,9415000000.0,2265000000.0,868000000.0,312000000.0,141000000.0,0.06225165562913907,1.36
WTW,2024-03-31,30237000000.0,20669000000.0,9568000000.0,2341000000.0,999000000.0,423000000.0,190000000.0,0.08116189662537378,1.83
WTW,2023-12-31,29090000000.0,19497000000.0,9593000000.0,2914000000.0,1589000000.0,938000000.0,622000000.0,0.213452299245024,5.97
WTW,2023-09-30,,,,,,,,,1.29
WTW,2023-06-30,,,,,,,,,
XEL,2024-12-31,70035000000.0,50513000000.0,19522000000.0,3120000000.0,1288000000.0,347000000.0,464000000.0,0.14871794871794872,
XEL,2024-09-30,69286000000.0,49934000000.0,19352000000.0,3644000000.0,1863000000.0,911000000.0,682000000.0,0.1871569703622393,1.21
XEL,2024-06-30,67927000000.0,49973000000.0,17954000000.0,3028000000.0,1392000000.0,449000000.0,302000000.0,0.09973579920739763,0.54
XEL,2024-03-31,65585000000.0,47744000000.0,17841000000.0,3649000000.0,1605000000.0,679000000.0,488000000.0,0.13373526993696902,0.88
XEL,2023-12-31,64079000000.0,46463000000.0,17616000000.0,3442000000.0,1528000000.0,648000000.0,409000000.0,0.11882626380011621,0.74
XERS,2024-09-30,321104000.0,349427000.0,-28323000.0,54268000.0,40675000.0,-12893000.0,-15738000.0,-0.29000515957838874,-0.11
XERS,2024-06-30,331733000.0,351019000.0,-19286000.0,48065000.0,40275000.0,-8187000.0,-15005000.0,-0.3121814209924061,-0.1
XERS,2024-03-31,336616000.0,345794000.0,-9178000.0,40638000.0,34667000.0,-14245000.0,-18980000.0,-0.46705054382597566,-0.14
XERS,2023-12-31,322602000.0,329384000.0,-6782000.0,44390000.0,36820000.0,-9841000.0,-13390000.0,-0.3016445145302996,
XERS,2023-09-30,327784000.0,323919000.0,3865000.0,48320000.0,40119000.0,-4913000.0,-12189000.0,-0.2522557947019868,-0.09
YMM,2024-09-30,40612619000.0,3785015000.0,36827604000.0,3031388000.0,1666504000.0,761989000.0,1107086000.0,0.36520762106335447,1.0
YMM,2024-06-30,39598318000.0,3501620000.0,36096698000.0,2764283000.0,1452211000.0,565367000.0,823134000.0,0.2977748660321682,0.8
YMM,2024-03-31,39516433000.0,4318592000.0,35197841000.0,2268713000.0,1236825000.0,312189000.0,581172000.0,0.25616814467056875,0.6
YMM,2023-12-31,39347647000.0,3452923000.0,35894724000.0,2407957000.0,1255640000.0,250816000.0,584089000.0,0.24256620861585154,
YMM,2023-09-30,38953830000.0,3291685000.0,35662145000.0,2263917000.0,1121860000.0,247060000.0,614353000.0,0.27136728069094407,0.6
YMM,2023-06-30,,,,,,,,,0.6
ZIM,2024-09-30,11018500000.0,7087800000.0,3930700000.0,2765200000.0,1305300000.0,1235600000.0,1124600000.0,0.4066975263995371,9.34
ZIM,2024-06-30,9708400000.0,6816900000.0,2891500000.0,1932600000.0,524200000.0,470200000.0,371300000.0,0.1921245989858222,3.08
ZIM,2024-03-31,8931600000.0,6386200000.0,2545400000.0,1562000000.0,223500000.0,168700000.0,90300000.0,0.05781049935979513,0.75
ZIM,2023-12-31,8346000000.0,5888000000.0,2458000000.0,1205300000.0,5200000.0,-33400000.0,-148400000.0,-0.12312287397328465,
ZIM,2023-09-30,8191400000.0,5620000000.0,2571400000.0,1273000000.0,-2187700000.0,-2273400000.0,-2272600000.0,-1.7852317360565593,-18.9
ZIM,2023-06-30,,,,,,,,,-1.79
